=LDR  01336aam a2200373 1 4500
=001  99118737900001021
=004  ABC9734
=005  20130326134508.0
=008  120610s1906\\\\iek\\\\\\\\\\\001\0\eng\d
=035  \\$a(Aleph)000192026BCL01
=035  \\$a(OCoLC)ocm02746876
=035  \\$a(GRSN)00208246 89
=035  \\$a(GRSN)00208246
=035  9\$aABC9734
=040  \\$aIUL$cIUL$dBXM
=041  0\$aengiri
=043  \\$ae-uk-ni
=050  \\$aPB1202$b.A2 v.14
=099  \\$aPB1202.A2 v.14
=100  1\$aMeyer, Kuno,$d1858-1919$eed. and tr.
=245  14$aThe death-tales of the Ulster heroes /$c[edited and translated by Kuno Meyer]
=260  \\$aDublin :$bHodges, Figgis,$c1906.
=300  \\$avii, 52 p. ;$c23 cm.
=490  0\$aRoyal Irish Academy. Todd lecture series ; v.14
=500  \\$aIrish and English on opposite pages.
=500  \\$aIncludes index.
=505  0\$aThe death of Conchobar.--The death of Lóegaire Búadach.--The death of Celtchar Mac Uthechair.--The death of Fergus Mac Róich.--The death of Cet Mac Magach.--Notes.--Index nominum.--Index locorum.--Glossary.
=650  \0$aEpic literature, Irish$xUlster cycle.
=650  \0$aFolklore$zIreland.
=650  \0$aCelts$vFolklore$xFolklore.
=901  \\$aDigitized$bBCL$pEntire work$sBC20130317
=948  \\$aLTI 08/08/2000
=950  \\$aOL
=966  \\$lONEILL$mMONO

