=LDR  00985nam a2200277Ii 4500
=001  99116251210001021
=005  20130327172814.0
=008  120610s1906\\\\ie\\\\\\\\\\\\000\1\gle\d
=035  \\$a(Aleph)001698761BCL01
=035  \\$a(OCoLC)ocm06722258
=040  \\$aMNT$cMNT
=049  \\$aBXMM
=090  \\$aPB1225$b.O78 1906
=100  1\$aÓ Ruaidhrí, Seaghán.
=245  10$aSúil Uí Ḋuḃda le hÁrd na Ríoġ /$bSeaġán Ua Ruaiḋrí do sgríoḃ ; Seosaṁ Laoide do ċuir an foclóirín leis.
=246  3\$aSúil Uí Dhubhda le hÁrd na Ríogh
=260  \\$aI mBaile Áṫa Cliaṫ :$bar n-a ċur amaċ do Ċonnraḋ na Gaeḋilge,$c1906.
=300  \\$a14 p. ;$c17 cm.
=490  1\$aAṫ-Ċlóḋanna ó'n "Irisleaḃar" ;$v2
=650  \0$aIrish language$vReaders.
=700  1\$aLaoide, Seosamh,$dd. 1939.
=830  \0$aAth-Chlódhanna ó'n "Irisleabhar" ;$v2.
=901  \\$aDigitized$bBCL$pEntire work$sBC20130317
=948  \\$aLTI 05/06/2002
=950  \\$aOL
=994  \\$aE0$bBXM

