=LDR  00896nam a2200277Ia 4500
=001  99116251560001021
=005  20130327172239.0
=008  120610s1907\\\\ie\af\\\\\\\\\000\0\gle\d
=035  \\$a(Aleph)001698754BCL01
=035  \\$a(OCoLC)ocm17612994
=040  \\$aEIS$cEIS
=043  \\$ae-ie---
=049  \\$aBXMM
=090  \\$aPB1225$b.O6433 1907
=092  \\$a941.5$fONE
=100  10$aÓ Neachtain, Eoghan.
=245  10$aStair-ċeaċta.$nleaḃar a dó /$cEoġan Ó Neaċtain do sgríoḃ ; an tarraingṫeoireaċt ó láiṁ Ṡeoirse Uí Ḟágáin.
=246  3\$aStair-cheachta
=260  \\$aBaile Áṫa Cliaṫ :$bConnraḋ na Gaeḋilge,$c1907.
=300  \\$a133 p., [5] p. of plates :$bill. ;$c19 cm.
=650  \0$aIrish language$vReaders.
=651  \0$aIreland$xHistory.
=901  \\$aDigitized$bBCL$pEntire work$sBC20130317
=948  \\$aLTI 05/06/2002
=950  \\$aOL
=994  \\$aE0$bBXM

