=LDR  01006cam a2200313 i 4500
=001  99121258320001021
=004  ACQ5949
=005  20130328115610.0
=008  120610s1905\\\\ie\\\\\\\\\\\\000\0biri\d
=035  \\$a(Aleph)000440488BCL01
=035  \\$a(OCoLC)ocm06721033
=035  \\$a(GRSN)00464172 89
=035  \\$a(GRSN)00464172
=035  9\$aACQ5949
=040  \\$aMNT$cMNT$dBXM
=049  \\$aBXMM
=090  \\$aPB1225.C711$bG6
=099  \9$aPB1225.C711G6
=100  1\$aÓ Concheanainn, Tomás,$d1870-1960.
=240  10$aGormfhlaith
=245  10$aGormḟlaiṫ :$binġean árd-ríoġ Éireann /$cTomás Ua Conceanainn do sgríoḃ.
=260  \\$aI mBaile Áṫa Cliaṫ :$bar n-a ċur amaċ do Ċonnraḋ na Gaeḋilge,$c1905.
=300  \\$a32 p. ;$c17 cm.
=440  \0$aSgéalta nua-ḋéanta ;$v8
=600  00$aGormflaith,$cdaughter of Flann Sionna, King of Tara,$dca. 870-919.
=901  \\$aDigitized$bBCL$pEntire work$sBC20130317
=948  \\$aLTI 08/08/2000
=950  \\$aOL
=966  \\$lONEILL$mMONO

