=LDR  00820nam a2200265Ka 4500
=001  99119052310001021
=005  20130423133414.0
=008  120610s1922\\\\ie\a\\\\\\\\\\000\f\gle\d
=035  \\$a(Aleph)001703210BCL01
=035  \\$a(OCoLC)ocm49706839
=040  \\$aBXM$cBXM
=049  \\$aBXMM
=090  \\$aPB1399.O797$bJ56 1922
=100  1\$aÓ Siochfhradha, Pádraig,$d1883-1964.
=245  10$aJimín Ṁáire Ṫaiḋg /$c"An Seaḃac" do scríoḃ (Pádraig Ó Sioċḟraḋa)
=246  3\$aJimín Mháire Thaidhg
=250  \\$aSchool ed.
=260  \\$aBaile Áṫa Cliaṫ :$bMaunsel agus Roberts,$c1922.
=300  \\$a115 p. :$bill. ;$c19 cm.
=650  \0$aIrish language.
=901  \\$aDigitized$bBCL$pEntire work$sBC20130317
=948  \\$aLTI 05/13/2002
=948  \\$aLTI 05/20/2002
=950  \\$aOL
=994  \\$aE0$bBXM

