=LDR  00673cam a2200217M  4500
=001  99118766770001021
=005  20130422172211.0
=008  120610s1910\\\\ie\\\\\\\\\\\\000\d\gla\d
=035  \\$a(Aleph)002972873BCL01
=035  \\$a(OCoLC)ocm81176558
=040  \\$aMH$cHLS$dBXM
=049  \\$aBXMM
=090  \\$aPB1399.M152$bA46 1910
=100  1\$aMac Domhnaill, Tomás.
=245  10$aÁine agus Caoimhghin :$bdráma éin-ghníomha.
=260  \\$aBaile Átha Cliath,$bClódhanna teo. ar n-a chur amach do Chonnradh na Gaedhilge,$c1910.
=300  \\$avi, 14 p. ;$c18 cm.
=901  \\$aDigitized$bBCL$pEntire work$sBC20130317
=948  \\$aLTI 09/30/2011
=950  \\$aOL
=994  \\$aC0$bBXM

