=LDR  01128nam a2200301 1 4500
=001  99125254670001021
=004  ADB4332
=005  20130423114213.0
=008  120610s1914\\\\ie\\\\\\\\\\\\000\1\iri\d
=035  \\$a(Aleph)000501636BCL01
=035  \\$a(OCoLC)ocm06024355
=035  \\$a(GRSN)00531987 89
=035  \\$a(GRSN)00531987
=035  9\$aADB4332
=040  \\$aMNT$cMNT$dBXM
=049  \\$aBXMM
=090  \\$aPB1399.O4$bC43 1914
=100  1\$aO Conaire, Padraic,$d1883-1928.
=240  10$aCheád chloch
=245  14$aAn ċeád ċloċ :$bsgéalta /$cPádraic Ó Conaire do sgrióḃ.
=260  \\$aI mBaile Áṫa Cliaṫ :$bClodanna teo., ar n-a ċur amaċ do Ċonnraḋ na Gaeḋilge,$c1914.
=300  \\$a101 p. ;$c19 cm.
=500  \\$aShort stories.
=505  0\$aAn ċéad ċloċ.--An ċoiṁṫiġeaċ a raiḃ aġaiḋ an ḃáis air.--Teatrarc na gaililí.--Baintreaḃaċ an ḟíona agus a mac.--Aba-cána-lú!--Cleaṁnas san oirṫear.--Díoġaltas na mban.--Ná leig sinn i gCaṫuġaḋ.
=901  \\$aDigitized$bBCL$pEntire work$sBC20130317
=948  \\$aLTI 08/08/2000
=950  \\$aOL
=966  \\$lONEILL$mMONO

