=LDR  01137cam a2200325 i 4500
=001  99125264490001021
=004  ADB4647
=005  20130422181001.0
=008  120610s1915\\\\ie\\\\\\\\\\\\000\0\iri\d
=035  \\$a(Aleph)000501951BCL01
=035  \\$a(OCoLC)ocm06961613
=035  \\$a(GRSN)00532303 89
=035  \\$a(GRSN)00532303
=035  9\$aADB4647
=040  \\$aMNT$cMNT$dBXM
=041  0\$airieng
=049  \\$aBXMM
=090  \\$aPB1399.M8$bB3
=099  \9$aPB1399.M8B3
=100  1\$aÓ Murchadha, Domhnall.
=245  10$aBeirt Ġaeḋilgeoirí 'na gcoṁnaiḋe 'sa ċaṫair /$cDoṁnall Ó Murċaḋa ("Doṁnall na Gréine") ó Ḋairḃre do sgríoḃ ; Seosaṁ Laoide do ċuir i n-eagar.
=246  3\$aBeirt Ghaedhilgeoirí 'na gcomhnaidhe 'sa chathair
=260  \\$aI mBaile Áṫa Cliaṫ :$bClóḋanna, ar n-a ċur amaċ do Ċonnraḋ na Gaeḋilge,$c1915.
=300  \\$aviii, 91 p. ;$c19 cm.
=650  \0$aIrish language$vConversation and phrase books.
=700  1\$aLaoide, Seosamh,$dd. 1939.
=901  \\$aDigitized$bBCL$pEntire work$sBC20130317
=948  \\$aLTI 08/08/2000
=950  \\$aOL
=966  \\$lONEILL$mMONO

