=LDR  00901nam a2200265   4500
=001  99124282500001021
=004  AEP6016
=005  20130325170924.0
=008  120610s1853\\\\gw\\\\\\\\\\\\001\0\lat\\
=010  \\$a10029273 /rev
=035  \\$a(Aleph)000693385BCL01
=035  \\$a(OCoLC)ocm02533654
=035  9\$aAEP6016
=040  \\$aDLC$cLLM
=049  \\$aBXMM
=050  \\$aPB1019$b.Z6 1853
=100  1\$aZeuss, Johann Kaspar,$d1806-1856.
=245  10$aGrammatica celtica.$bE monumentis vetustis tam hibernicae linguae quam britannicae dialecti, cambricae, cornicae, armoricae nec non e gallicae priscae reliquiis construxit$cJ. C. Zeuss ...
=260  \\$aLipsiae,$bapud Weidmannos,$c1853.
=300  \\$a2 v.$c23 cm.
=500  \\$aPaged continuously.
=650  \0$aCeltic languages$xGrammar, Historical.
=901  \\$aDigitized$bBCL$pPartial work$vv.1$sBC20130317
=948  \\$aLTI 08/08/2000
=950  \\$aOL

