=LDR  01079cam a2200277   4500
=001  99119766630001021
=005  20130412111713.0
=008  120610s1900\\\\enkb\\\\\\\\\\001\0dgler\
=010  \\$a02008667
=035  \\$a(Aleph)002413639BCL01
=035  \\$a(OCoLC)ocm09417646
=040  \\$aDLC$cCUZ$dCUZ$dOCL$dOCLCG
=041  0\$agleeng
=049  \\$aBXMM
=050  00$aPB1347$b.I7 vol.3
=100  1\$aO'Rahilly, Egan,$dfl. 1670-1724.
=245  10$aDánta Aodhagáin Uí Rathaille;$bthe poems of Egan O'Rahilly, to which are added miscellaneous pieces illustrating their subjects and languages;$ced. with introduction, translation, notes and glossary by Rev. Patrick S. Dinneen, M.A.
=260  \\$aLondon,$bPublished for the Irish Texts Society by D. Nutt,$c1900.
=300  \\$alxii p., 304 p. , 14 p. ;$c23 cm.
=490  1\$aIrish Texts Society$v3
=700  1\$aDinneen, Patrick S.$q(Patrick Stephen),$d1860-1934.
=830  \0$aIrish Texts Society (Series) ;$vv. 3.
=901  \\$aDigitized$bBCL$pEntire work$sBC20130317
=948  \\$aLTI 05/09/2008
=950  \\$aOL
=994  \\$aC0$bBXM

