=LDR  00902cam a2200265Ia 4500
=001  99122575440001021
=005  20130326164247.0
=008  120610m19051906ie\\\\\\\\\\\\000\0\eng\d
=035  \\$a(Aleph)001650525BCL01
=035  \\$a(OCoLC)ocm18237019
=040  \\$aCUY$cCUY$dDCU$dBXM
=041  0\$aenggle
=049  \\$aBXMM
=090  \\$aPB1223$b.H42
=100  1\$aHenry, John Patrick,$d1862-1930.
=245  12$aA hand-book of modern Irish :$bspecially compiled for the use of students in intermediate schools and Gaelic League classes /$cby Seagán P. Mac Énrí (John P. Henry).
=246  30$aHandbook of modern Irish
=260  \\$aDublin :$bM.H. Gill,$c1904-1906.
=300  \\$a4 v. ;$c18 cm.
=546  \\$aText in English and Irish.
=650  \0$aIrish language$xGrammar.
=901  \\$aDigitized$bBCL$pPartial work {dollar}v pt.1-pt.2$sBC20130317
=948  \\$aLTI 01/04/2002
=950  \\$aOL
=994  \\$aE0$bBXM

