=LDR  01088nam a2200301 i 4500
=001  99118738120001021
=004  ABC9726
=005  20130326121020.0
=008  120610s1887\\\\ie\\\\\\\\\\\\001\0\eng\\
=010  \\$a06029946
=035  \\$a(Aleph)000192018BCL01
=035  \\$a(OCoLC)ocm04097802
=035  9\$aABC9726
=040  \\$aDLC$cRSC
=041  0\$aengirilat
=049  \\$aBXMM
=050  0\$aPB1202$b.A2
=130  0\$aLeabhar braec.
=245  14$aThe passions and the homilies from Leabhar breac;$btext, translation, and glossary /$cby Robert Atkinson.
=260  \\$aDublin,$bPublished by the [Royal Irish] Academy,$c1887.
=300  \\$avi, 957 p. ;$c22 cm.
=490  1\$aRoyal Irish Academy. Todd lecture series,$vv. 2
=500  \\$aIncludes "Irish lexicography: an introductory lecture," by Robert Atkinson, which was alos issued in separate form as "Todd lecture series, v. 2, pt. 1.
=700  1\$aAtkinson, R.$q(Robert),$d1839-1908$eed. and tr.
=830  \0$aTodd lecture series$vv.2..
=901  \\$aDigitized$bBCL$pEntire work$sBC20130317
=948  \\$aLTI 08/08/2000
=950  \\$aOL

