=LDR  00959nam a2200325 i 4500
=001  99125272090001021
=004  ADB4409
=005  20130412142256.0
=008  120610s1910\\\\ie\\\\\j\\\\\\000\m\gle\d
=035  \\$a(Aleph)000501713BCL01
=035  \\$a(OCoLC)ocm05591695
=035  \\$a(GRSN)00532066 89
=035  \\$a(GRSN)00532066
=035  9\$aADB4409
=040  \\$aMNT$cMNT$dBXM
=041  0\$agleeng
=049  \\$aBXMM
=090  \\$aPB1359$b.D84 1910
=099  \9$aPB1359.F581
=245  00$aDuanaire na macaoṁ :$ba selection of Irish poetry for schools and colleges /$cedited by Tomás Ó Flannghaile.
=246  3\$aDuanaire na macaomh
=260  \\$aDublin :$bM. H. Gill,$c1910.
=300  \\$aviii, 267 p. ;$c19 cm.
=546  \\$aText in Irish and English.
=650  \0$aIrish poetry.
=700  1\$aFlannery, Thomas,$d1846-1916.
=901  \\$aDigitized$bBCL$pEntire work$sBC20130317
=948  \\$aLTI 08/08/2000
=950  \\$aOL
=966  \\$lONEILL$mMONO

