=LDR  01108nam a2200349Ia 4500
=001  99122941430001021
=005  20130416130537.0
=008  120610s1901\\\\ie\\\\\\\\\\\\000\0\eng\d
=035  \\$a(Aleph)000798317BCL01
=035  9\$aAFA0949
=035  \\$a(OCoLC)ocm21499400
=040  \\$aEIS$cEIS$dBXM
=041  1\$aenggle$hgle
=043  \\$ae-ie---
=049  \\$aBXMM
=090  \\$aPB1398.C67$bM65 1901
=092  \\$a891.6208$fCELE/10
=100  0\$aCorbmacán.
=245  10$aMóirthimchell Éirenn uile dorigne Muirchertach Mac Néill /$cedited with translation and glossary by Edmund Hogan.
=260  \\$aDublin :$bGaelic League,$c1901.
=300  \\$a68 p. ;$c15 cm.
=500  \\$aPoem found in the Leabhar Gabhála.
=546  \\$aEnglish and Irish text on facing pages.
=650  \0$aEpic poetry, Irish.
=651  \0$aIreland$xHistory.$yTo 1172$vSources.
=700  1\$aHogan, Edmund.
=730  0\$aLebor Gabála Érenn.$lEnglish & Irish.$kSelections.
=901  \\$aDigitized$bBCL$pEntire work$sBC20130317
=948  \\$aLTI 08/08/2000
=948  \\$aLTI 05/07/2001
=950  \\$aOL
=994  \\$aE0$bBXM

