=LDR  01443cam a2200349Ia 4500
=001  99117977390001021
=005  20130325165825.0
=008  120610s1899\\\\enka\\\\\\\\\\000\0\eng\d
=035  \\$a(Aleph)000184549BCL01
=035  9\$aABC2257
=035  \\$a(OCoLC)ocm08481980
=040  \\$aGPM$cGPM$dBXM
=049  \\$aBXMM
=050  \4$aPB77$b.S7 1899
=090  \\$aPB77$b.S7
=100  1\$aSoames, Laura,$d1840-1895.
=245  10$aIntroduction to English, French and German phonetics,$bwith reading lessons and exercises /$cby Laura Soames.
=250  \\$aNew ed., rev. and ed.$bby Wilhelm Vietor.
=260  \\$aLondon :$bS. Sonnenschein ;$aNew York :$bThe Macmillan Co.,$c1899.
=300  \\$a1 v. (various pagings) :$bill. ;$c20 cm.
=490  0\$aIntroductory science textbooks
=500  \\$aPt. II: Reading lessons and exercises; A phonetic reading book (English, French and German) has special t.-p.
=650  \0$aPhonetics.
=650  \0$aEnglish language$xPhonetics.
=650  \0$aFrench language$xPhonetics.
=650  \0$aGerman language$xPhonetics.
=700  1\$aViëtor, Wilhelm,$d1850-1918,$eed.
=776  08$iOnline version:$aSoames, Laura, 1840-1895.$tIntroduction to English, French and German phonetics.$bNew ed., rev. and ed.$dLondon : S. Sonnenschein ; New York : The Macmillan Co., 1899$w(OCoLC)615342338
=901  \\$aDigitized$bBCL$pEntire work$sBC20130317
=948  \\$aLTI 08/08/2000
=950  \\$aOL
=994  \\$aC0$bBXM

