=LDR  01261cam a2200337   4500
=001  99125273960001021
=005  20130416173409.0
=008  120610s1917\\\\ie\\\\\\\\\\\\000\0dgle\\
=010  \\$a53051047
=035  \\$a(Aleph)000501659BCL01
=035  9\$aADB4355
=035  \\$a(OCoLC)ocm05164698
=040  \\$aDLC$cMNT$dOCL$dOCLCQ
=041  0\$agleeng
=043  \\$ae-ie---$ae-uk-ni
=049  \\$aBXMM
=050  0\$aPB1414$b.M43
=090  \\$aPB1399.D5$bM2
=110  2\$aMaguire of Fermanagh family.
=245  14$aMé Guiḋir Ḟearmanaċ.$bThe Maguires of Fermanagh .i. Maġnus agus Giolla Íosa, "ḋá ṁac Ḋuinn Ṁóir mic Raġnaill": iar n-a ċur i n-eagar maille le díonḃrollaċ, gluair, aistriuġaḋ, flaiṫṡeanċur, dinnṡeanċur, &c. leis an Aṫair Pádraig Ua Duinnín.
=260  \\$aBaile Áṫa Cliaṫ,$bM.H. Gill,$c1917.
=300  \\$a140 p.$c19 cm.
=610  20$aMaguire of Fermanagh family.
=651  \0$aFermanagh (Northern Ireland)$xHistory.
=700  1\$aDinneen, Patrick S.$q(Patrick Stephen),$d1860-1934$eeditor and translator.
=740  01$aMaguires of Fermanagh.
=740  01$aMe Guidhir Fearmanach.
=901  \\$aDigitized$bBCL$pEntire work$sBC20130317
=948  \\$aLTI 08/08/2000
=950  \\$aOL
=994  \\$aC0$bBXM

