=LDR  00878nam a2200289 i 4500
=001  99123068170001021
=004  AFH1648
=005  20130416122129.0
=008  120610s1901\\\\ie\\\\\\\\\\\\001\0\iri\d
=035  \\$a(Aleph)000868976BCL01
=035  \\$a(OCoLC)ocm06500815
=035  9\$aAFH1648
=040  \\$aMNT$cMNT
=041  0\$airieng
=049  \\$aBXMM
=090  \\$aPB1397.E188$bE23 1901
=130  0\$aEachtra Lomnochtáin.
=245  10$aEachtra Lomnochtáin :$bIrish text /$cedited by Osborne J. Bergin and John MacNeill.
=260  \\$aDublin :$bGaelic league,$c190l.
=300  \\$a211 p. ;$c17 cm.
=440  \0$aGaelic League publications
=500  \\$aIncludes word index.
=700  1\$aBergin, Osborn,$d1873-1950$ejoint ed.
=700  1\$aMac Neill, Eoin,$d1867-1945,$ejoint ed.
=901  \\$aDigitized$bBCL$pEntire work$sBC20130317
=948  \\$aLTI 08/08/2000
=950  \\$aOL

