=LDR  01238nam a2200349 1 4500
=001  99116250090001021
=004  ACM8962
=005  20130328150857.0
=008  120610s1904\\\\ie\\\\\\\\\\\\000\0\engm\
=010  \\$a05004445
=035  \\$a(Aleph)000421933BCL01
=035  \\$a(OCoLC)ocm02556788
=035  \\$a(GRSN)00451969 89
=035  \\$a(GRSN)00451969
=035  9\$aACM8962
=040  \\$aDLC$cLLM$dBXM
=041  0\$aengiri
=049  \\$aBXMM$c4
=050  \\$aPB1291$b.D5
=099  \\$aPB1291.D5
=100  1\$aDinneen, Patrick S.$q(Patrick Stephen),$d1860-1934.
=245  10$aFoclóir Gaeḋilge agus Béarla.$bAn Irish-English dictionary, being a thesaurus of words, phrases and idioms of the modern Irish language, with explanations in English.$cComp. and ed. by Rev. Patrick S. Dinneen, M. A.
=246  3\$aIrish-English dictionary
=260  \\$aDublin,$bFor the Irish texts society by M. H. Gill & son, ltd.; [etc. etc.]$c1904.
=300  \\$axvi, 803 p.$c19 cm.
=650  \0$aIrish language$vDictionaries$xEnglish.
=650  \0$aEnglish language$vDictionaries$xIrish.
=710  2\$aIrish Texts Society.
=901  \\$aDigitized$bBCL$pEntire work$sBC20130317
=948  \\$aLTI 08/08/2000
=950  \\$aOL
=966  \\$lONEILL$mMONO

