=LDR  01232nam a2200349 i 4500
=001  99118913080001021
=004  AFH2684
=005  20130326135253.0
=008  120610s1911\\\\ie\\\\\\\\\\\\001\0\eng\d
=035  \\$a(Aleph)000870012BCL01
=035  \\$a(OCoLC)ocm02746706
=035  9\$aAFH2684
=040  \\$aIUL$cIUL$dOCL
=041  0\$aengiri
=043  \\$ae-ie---
=049  \\$aBXMM
=090  \\$aPB1202$b.A2 vol. 17
=245  00$aBetha Colmáin maic Lúacháin =$bLife of Colmán son of Lúachan /$cedited from a ms. in the library of Rennes, with translation, introd., notes, and indices by Kuno Meyer.
=260  \\$aDublin :$bHodges, Figgis;$aLondon :$bWilliams & Norgate,$c1911.
=300  \\$axvii, 142 p. ;$c23 cm.
=490  1\$aRoyal Irish Academy. Todd lecture series ;$vv. 17
=500  \\$aIrish and English on opposite pages.
=500  \\$aIncludes indexes.
=600  00$aColman,$cSaint,$dd. 689?
=650  \0$aSaints$zIreland$vBiography.
=650  \0$aIrish literature.
=700  1\$aMeyer, Kuno,$d1858-1919$eed. and tr.
=710  1\$aRennes (France).$bBibliotheque municipale.
=830  \0$aTodd lecture series$vv. 17.
=901  \\$aDigitized$bBCL$pEntire work$sBC20130317
=948  \\$aLTI 08/08/2000
=950  \\$aOL

