=LDR  00824aam a2200301 1 4500
=001  99118753200001021
=004  ABC9876
=005  20130326154319.0
=008  120610s1900\\\\ie\\\\\\\\\\\\000\0\eng\\
=010  \\$a02013051 //r
=035  \\$a(Aleph)000192168BCL01
=035  \\$a(OCoLC)ocm03720530
=035  \\$a(GRSN)00208394 89
=035  \\$a(GRSN)00208394
=035  9\$aABC9876
=040  \\$aDLC$cMNT$dBXM
=041  0\$aengiri
=050  \\$aPB1223$b.C7
=099  \\$aPB1223.C7
=100  1\$aCraig, J. P.$q(James Patrick)
=245  10$aModern Irish grammar,$cby J. P. Craig.
=260  \\$aDublin,$bSealy, Bryers & Walker,$c1900.
=300  \\$axx, 163 p.$c19 cm.
=650  \0$aIrish language$xGrammar.
=901  \\$aDigitized$bBCL$pEntire work$sBC20130317
=948  \\$aLTI 08/08/2000
=950  \\$aOL
=966  \\$lONEILL$mMONO

