=LDR  01090nam a2200289Ii 4500
=001  99122029590001021
=005  20130326164615.0
=008  120610s1910\\\\ie\\\\\\\\\\\\000\0\gle\d
=035  \\$a(Aleph)001689374BCL01
=035  \\$a(OCoLC)ocm03928079
=040  \\$aMNT$cMNT$dBXM
=041  0\$agleeng
=049  \\$aBXMM
=090  \\$aPB1223$b.L982
=100  1\$aLynch, Denis M.
=245  10$aComplete course of Irish composition :$bwith full vocabularies, idiomatic sentences, selected continuous pieces, examples of the irregular verbs, and A treatise on prosody for use in intermediate and other schools and Gaelic league classes /$cby Denis M. Lynch.
=250  \\$a2nd ed., rev. and extended.
=260  \\$aDublin :$bGill,$c1910.
=300  \\$aviii, 124 p. ;$c19 cm.
=650  \0$aIrish language$xComposition and exercises.
=650  \0$aIrish language$xGrammar.
=650  \0$aIrish language$xVersification.
=710  2\$aIrish Self-Determination League of Great Britain.
=901  \\$aDigitized$bBCL$pEntire work$sBC20130317
=948  \\$aLTI 03/06/2002
=950  \\$aOL
=994  \\$aE0$bBXM

