=LDR  00954cam a2200277Ia 4500
=001  99116224790001021
=005  20130412141122.0
=008  120610s1911\\\\ie\c\\\\\\\\\\000\m\eng\d
=035  \\$a(Aleph)001698436BCL01
=035  \\$a(OCoLC)ocm02556620
=040  \\$aLLM$cLLM$dOCL$dOCLCQ
=041  0\$aenggle
=049  \\$aBXMM
=090  \\$aPB1353$b.G55 1911
=245  00$aGill's Irish reciter :$ba selection of gems from Ireland's modern literature ; cnuasaċt seód as scriḃinniḃ Éireann /$cedited by J.J. O'Kelly.
=246  1\$iAt head of title:$aFéiṫe fódla
=250  \\$a3rd ed.
=260  \\$aDublin :$bM.H. Gill & Sons,$c1911.
=300  \\$axxi, 352 p. :$bports. ;$c19 cm.
=546  \\$aText in English and Irish ; explanatory material in English.
=650  \0$aIrish literature.
=700  1\$aUa Ceallaigh, Sean,$d1872-1957.
=901  \\$aDigitized$bBCL$pEntire work$sBC20130317
=948  \\$aLTI 05/06/2002
=950  \\$aOL
=994  \\$aE0$bBXM

