=LDR  00916aam a2200301 1 4500
=001  99117777670001021
=004  ABC5571
=005  20130430145601.0
=008  120610s1920\\\\ie\\\\\\\\\\\\000\0\eng\d
=035  \\$a(Aleph)000187863BCL01
=035  \\$a(OCoLC)ocm03092147
=035  \\$a(GRSN)00203880 89
=035  \\$a(GRSN)00203880
=035  9\$aABC5571
=040  \\$aFHM$cFHM$dBXM
=041  1\$aenggae
=090  \\$aPB1421$b.J7
=099  \\$aPB1421.J7
=245  00$aOld Celtic romances,$ctranslated from the Gaelic.
=250  \\$a[3d ed.]
=260  \\$aDublin,$bEducational Co. of Ireland,$c1920 [pref. 1907]
=300  \\$axx, 473 p. ;$c19 cm.
=650  \0$aEpic literature, Irish$vTranslations into English$xTranslations into English.
=700  1\$aJoyce, P. W.$q(Patrick Weston),$d1827-1914.
=901  \\$aDigitized$bBCL$pEntire work$sBC20130317
=948  \\$aLTI 08/08/2000
=950  \\$aOL
=966  \\$lONEILL$mMONO

