=LDR  00871aam a2200301 1 4500
=001  99118751600001021
=004  ABC9901
=005  20130327122300.0
=008  120610s1879\\\\xx\\\\\\\b\\\\000\0\ger\d
=035  \\$a(Aleph)000192193BCL01
=035  \\$a(OCoLC)ocm05292840
=035  \\$a(GRSN)00208420 89
=035  \\$a(GRSN)00208420
=035  9\$aABC9901
=040  \\$aCWR$cCWR$dBXM
=041  0\$ageriri
=090  \\$aPB1223$b.W76
=099  \\$aPB1223.W76
=100  1\$aWindisch, Ernst,$d1844-1918.
=245  10$aKurzgefasste Irische Grammatik :$bmit Lesestücken /$cvon Ernst Windisch.
=260  \\$aLeipzig :$bHirzel,$c1879.
=300  \\$ax, 149 p. ;$c23 cm.
=504  \\$aIncludes bibliographical references.
=650  \0$aIrish language$xGrammar.
=901  \\$aDigitized$bBCL$pEntire work$sBC20130317
=948  \\$aLTI 08/08/2000
=950  \\$aOL
=966  \\$lONEILL$mMONO

