=LDR  01080nam a2200325 1 4500
=001  99125264620001021
=004  ADB4637
=005  20130416123129.0
=008  120610s1787\\\\sc\\\\\\\\\\\\000\0\eng\\
=010  \\$a01009385
=035  \\$a(Aleph)000501941BCL01
=035  \\$a(OCoLC)ocm04629965
=035  \\$a(GRSN)00532293 89
=035  \\$a(GRSN)00532293
=035  9\$aADB4637
=040  \\$aDLC$cJNA$dm/c$dBXM
=049  \\$aBXMM
=050  \\$aPB1648$b.S6
=090  \\$aPB1397.F4$bS5
=099  \9$aPB1397.F4S5
=100  1\$aSmith, John,$d1747-1807.
=245  10$aSean dana;$ble Oisian, Orran, Ulann, &c.$cAncient poems of Ossian, Orran, Ullin, &c. Collected in the western Highlands and isles; being the originals of the translations some time ago published in the Gaelic antiquities. By John Smith, D. D.
=260  \\$aEdinburgh,$bC. Elliot; [etc., etc.]$c1787.
=300  \\$avi, 348 p.$c21 cm.
=600  00$aOssian.
=650  \0$aScottish Gaelic poetry.
=901  \\$aDigitized$bBCL$pEntire work$sBC20130317
=948  \\$aLTI 08/08/2000
=950  \\$aOL
=966  \\$lONEILL$mMONO

