=LDR  01152cam a2200313Ia 4500
=001  99122019170001021
=005  20130328164329.0
=008  120610m19051911ie\\\\\\\dr\\\000\0\gle\d
=035  \\$a(Aleph)001697117BCL01
=035  \\$a(OCoLC)ocm06999392
=040  \\$aMNT$cMNT$dOCL
=041  0\$agleeng
=043  \\$ae-ie---
=049  \\$aBXMM
=090  \\$aPB1295$b.P67
=245  00$aPost-ṡeanċas :$bi n-a ḃfuil cúigí, dúiṫċí, conntaeṫe, & bailte puist na h-Éireann /$cSeosaṁ Laoide do ċuir i n-eagar.
=246  3\$aPost-sheanchas
=260  \\$aI mBaile Áṫa Cliaṫ :$bar n-a ċur amaċ do Ċonnraḋ na Gaeḋilge,$c1905-1911.
=300  \\$a2 v. ;$c18 cm.
=500  \\$aDirectory of place names for postal use.
=505  0\$aCuid I. Sacsḃéarla-Gaeḋilg -- Cuid II. Gaeḋilg-Sacsḃéarla.
=650  \0$aIrish language$vGlossaries, vocabularies, etc.
=650  \0$aIrish language$vTerms and phrases.
=650  \0$aPostal service$zIreland$vDirectories.
=700  1\$aLaoide, Seosamh,$dd. 1939.
=901  \\$aDigitized$bBCL$pEntire work$vcuid 1-cuid 2$sBC20130317
=948  \\$aLTI 04/03/2002
=950  \\$aOL
=994  \\$aE0$bBXM

