=LDR  01741nam a2200409ua 4500
=001  99123070010001021
=004  AFH1535
=005  20130412133230.0
=008  120610m19081953enk\\\\\\\\\\\001\0\eng\d
=035  \\$a(Aleph)000868863BCL01
=035  \\$a(OCoLC)ocm29446066
=035  9\$aAFH1535
=040  \\$aVT2$cVT2$dBXM
=041  0\$aengiri
=049  \\$aBXMM
=050  \4$aPB1347$b.I7 vol. 7,28,43
=130  0\$aDuanaire Finn.
=245  10$aDuanaire Finn =$bThe book of the Lays of Fionn : Irish text with translation into English /$cby Eoin MacNeill.
=246  31$aBook of the Lays of Fionn
=260  \\$aLondon :$bPublished for the Irish Texts Society by D. Nutt,$c1908-1953.
=300  \\$a3 v. ;$c23 cm.
=490  1\$a[Publication] / Irish Texts Society ;$vv. 7, 28, 43
=500  \\$aEnglish and Irish.
=500  \\$aContains LXIX poems from a manuscript in the Franciscan library, Dublin.
=500  \\$aThe introduction includes an account of the Fenian cycle.
=500  \\$aPart II, edited and translated by Gerard Murphy.
=500  \\$aIrish texts society (28th) annual report, list of members, etc. at end of volume 2 (Ir. Tex. Soc., 28).
=500  \\$aPart III, introduction, notes, appendices and glossary by Gerard Murphy, indexes by Gerard Murphy and Anna O'Sullivan, appendices G and L by I.L. Foster and Brendan Jennings.
=500  \\$aIncludes indexes.
=600  00$aFinn MacCumhaill,$d3rd cent.
=700  1\$aMac Neill, Eoin,$d1867-1945.
=700  1\$aMurphy, Gerard.
=710  2\$aFranciscan Convent (Dublin, Ireland).$bLibrary.$kManuscript.
=830  \0$aIrish Texts Society (Series) ;$vvol. 7, 28, 43..
=901  \\$aDigitized$bBCL$pPartial work$vv.7$sBC20130317
=948  \\$aLTI 08/08/2000
=950  \\$aOL

