=LDR  00986nam a2200313Ia 4500
=001  99119028300001021
=005  20130328124448.0
=008  120610s1899\\\\ie\\\\\\\\\\\\000\0\gle\d
=035  \\$a(Aleph)001703023BCL01
=035  \\$a(OCoLC)ocm35336282
=040  \\$aBRL$cBRL
=041  0\$aenggle
=049  \\$aBXMM
=090  \\$aPB1227$b.O526 1899
=100  1\$aO'Leary, Peter,$d1839-1920.
=245  10$aMion-ċaint :$ban easy Irish phrase book /$ccompiled for the Gaelic League by the Rev. Peter O'Leary.
=246  30$aMion-chaint
=246  30$aEasy Irish phrase book
=260  \\$aDublin :$bGaelic League,$c1899.
=300  \\$a67 p. ;$c19 cm.
=440  \0$aGaelic League publications
=546  \\$aIrish and English in parallel columns.
=650  \0$aIrish language$vConversation and phrase books.
=710  2\$aGaelic League (Ireland)
=901  \\$aDigitized$bBCL$pEntire work$sBC20130317
=948  \\$aLTI 05/13/2002
=948  \\$aLTI 05/20/2002
=950  \\$aOL
=994  \\$aE0$bBXM

