=LDR  00938nam a2200301Ka 4500
=001  99119039600001021
=005  20130328123400.0
=008  120610s1922\\\\ie\\\\\\\\\\\\000\0\gle\d
=035  \\$a(Aleph)001703119BCL01
=035  \\$a(OCoLC)ocm49701209
=040  \\$aBXM$cBXM
=041  0\$agleeng
=049  \\$aBXMM
=090  \\$aPB1227$b.N534 1922
=100  1\$aNí Cheallacháin Máire.
=245  10$aIrish at school, or =$bGaeḋilg sa scoil.$nBook 1 /$cby Máire Ní Ċeallaċáin.
=246  30$aGaeḋilg sa scoil
=246  3\$aGaeilge sa scoil
=260  \\$aDublin :$bM.H. Gill,$c1922.
=300  \\$a80 p. ;$c22 cm.
=440  \0$aFé ḃrat Ḃriġde
=546  \\$aIrish, Irish pronunciation, and English in parallel columns.
=650  \0$aIrish language$vConversation and phrase books.
=901  \\$aDigitized$bBCL$pEntire work$sBC20130317
=948  \\$aLTI 05/13/2002
=948  \\$aLTI 05/20/2002
=950  \\$aOL
=994  \\$aX0$bBXM

