=LDR  01109cam a2200289 i 4500
=001  99118766740001021
=005  20130412155355.0
=008  120610s1904\\\\ie\b\\\\\\\\\\000\0\gle\d
=035  \\$a(Aleph)002972874BCL01
=035  \\$a(OCoLC)ocm06296787
=040  \\$aMNT$cMNT$dOCLCQ$dOCLCG
=041  0\$agleeng
=049  \\$aBXMM
=090  \\$aPB1397.F5$bC6 1904
=100  0\$aFinn MacCumhaill,$d3rd cent.
=245  10$aMac-ġníoṁarṫa Ḟinn : slioċt Saltraċ Ċaisil =$bThe youthful exploits of Fionn : from the Saltair of Cashel : re-issue for the use of schools /$cthe ancient text, modern Irish version, new literal translation, vocabulary, notes, and map by David Comyn.
=246  3\$aYouthful exploits of Fionn
=260  \\$aDublin :$bM.H. Gill,$c1904.
=300  \\$a121 p. :$bfolded map ;$c17 cm.
=490  1\$aGaelic texts for students.
=700  1\$aComyn, David,$d1854-1907,$eeditor.
=700  1\$aÓ Maelconaire, Tuileagrach,$dfl. 1673.
=830  \0$aGaelic texts for students.
=901  \\$aDigitized$bBCL$pEntire work$sBC20130317
=948  \\$aLTI 09/30/2011
=950  \\$aOL
=994  \\$aC0$bBXM

