=LDR  00944nam a2200289Ia 4500
=001  99119037580001021
=005  20130328124135.0
=008  120610s1906\\\\ie\\\\\\\\\\\\000\0\gle\d
=035  \\$a(Aleph)001703144BCL01
=035  \\$a(OCoLC)ocm49701843
=040  \\$aBXM$cBXM
=041  1\$aeng$hgle
=049  \\$aBXMM
=090  \\$aPB1227$b.O49 1906
=100  1\$aÓ hAodha, Tomás.
=245  10$aCainnt scoile =$bSchool talk, an Irish-English conversation book for use in elementary schools and Gaelic League classes.$nPart 2 /$cby Tomás o hAoḋa.
=246  30$aSchool talk
=260  \\$aDublin :$bFallon,$c1906.
=300  \\$a24 p. ;$c18 cm.
=490  0\$aSchool and college series
=546  \\$aText in Irish with English translation.
=650  \0$aIrish language$vConversation and phrase books.
=901  \\$aDigitized$bBCL$pEntire work$sBC20130317
=948  \\$aLTI 05/13/2002
=948  \\$aLTI 05/20/2002
=950  \\$aOL
=994  \\$aX0$bBXM

