=LDR  01016cam a2200301Ii 4500
=001  99122020690001021
=005  20130327182452.0
=008  120610s1907\\\\ie\\\\\\\\\\\\001\0\gle\d
=035  \\$a(Aleph)001689167BCL01
=035  \\$a(OCoLC)ocm06283312
=040  \\$aMNT$cMNT
=041  0\$agleeng
=049  \\$aBXMM
=090  \\$aPB1225$b.T35 1907
=130  0\$aTáin bó Cúailnge.$kSelections.
=245  10$aDearg-ruaṫar Ċonaill Ċearnaiġ :$bsgéal ruḋraiġeaċta /$cSeosaṁ Laoide do ċuir i n-eagar.
=246  3\$aDearg-ruathar Chonaill Chearnaigh
=260  \\$ai mBaile Áṫa Cliaṫ :$bar n-a ċur amaċ do Ċonnraḋ na Gaeḋilge,$c1907.
=300  \\$aviii, 116 p. ;$c17 cm.
=500  \\$aIncludes indexes.
=546  \\$aText in Irish with glossary in Irish and English.
=650  \0$aIrish language$vReaders.
=650  \0$aFolklore$zIreland.
=700  1\$aLaoide, Seosamh,$dd. 1939.
=901  \\$aDigitized$bBCL$pEntire work$sBC20130317
=948  \\$aLTI 03/06/2002
=950  \\$aOL
=994  \\$aE0$bBXM

