=LDR  01180nam a2200361   4500
=001  99125264730001021
=004  ADB4632
=005  20130416122553.0
=008  120610s1911\\\\ie\\\\\\\\\\\\001\p\gle\\
=010  \\$a54051310
=035  \\$a(Aleph)000501936BCL01
=035  \\$a(OCoLC)ocm04083264
=035  \\$a(GRSN)00532288 89
=035  \\$a(GRSN)00532288
=035  9\$aADB4632
=040  \\$aDLC$cMNT$dm/c$dBXM
=041  0\$agleeng
=049  \\$aBXMM
=050  0\$aPB1397.F4$b05
=090  \\$aPB1397.F4$bL43 1911
=099  \9$aPB1397.F4C3
=245  00$aLeabar na laoiṫeaḋ :$ba collection of Ossianic poems /$cedited with notes, introduction, and a full vocabulary for the use of intermediate students by J.J. O'Kelly.
=246  3\$aLeabhar na laoitheadh
=260  \\$aDublin :$bGill,$c1911.
=300  \\$alxii, 150 p. ;$c19 cm.
=500  \\$aPartly from the volumes of the Ossianic Society.
=546  \\$aPoems in Irish with explanatory material in English.
=600  00$aOssian,$d3rd cent.$vPoetry.
=700  1\$aUa Ceallaigh, Sean,$d1872-1957.
=901  \\$aDigitized$bBCL$pEntire work$sBC20130317
=948  \\$aLTI 08/08/2000
=950  \\$aOL
=966  \\$lONEILL$mMONO

