=LDR  01090aam a2200325 1 4500
=001  99118736930001021
=004  ABC9775
=005  20130326144505.0
=008  120610s1909\\\\xx\\\\\\\b\\\\001\0\ger\\
=010  \\$a12014650
=035  \\$a(Aleph)000192067BCL01
=035  \\$a(OCoLC)ocm03546059
=035  \\$a(GRSN)00208288 89
=035  \\$a(GRSN)00208288
=035  9\$aABC9775
=040  \\$aDLC$cAKR$dBXM
=050  \\$aPB1220$b.T5
=099  \\$aPB1220.T5
=100  1\$aThurneysen, Rudolf,$d1857-1940.
=245  10$aHandbuch des Alt-irischen;$bGrammatik, Texte und Wörterbuch,$cvon Rudolf Thurneysen.
=260  \\$aHeidelberg,$bC. Winter,$c1909.
=300  \\$a2 v.$c21 cm.
=490  0\$aIndogermanische Bibliothek. 1. Abt. Sammlung indogermanischer Lehr- und Handbücher. 1. Reihe: Grammatiken. 6. Bd.
=504  \\$a"Wichtigere Hilfsmittel": v. 1, p. 13-15.
=505  0\$aI. T. Grammatik.--II. T. Texte mit Wörterbuch.
=650  \0$aIrish language$yTo 1100.
=901  \\$aDigitized$bBCL$pPartial work$vv.1$sBC20130317
=948  \\$aLTI 08/08/2000
=950  \\$aOL
=966  \\$lONEILL$mMONO

