=LDR  00888cam a2200277Ka 4500
=001  99116245150001021
=005  20130327171348.0
=008  120610s1901\\\\ie\\\\\\\\\\\\000\0\gle\d
=035  \\$a(Aleph)001698861BCL01
=035  \\$a(OCoLC)ocm30418080
=040  \\$aBUQ$cBUQ$dBXM
=049  \\$aBXMM
=090  \\$aPB1225$b.O64 1901
=100  1\$aÓ Neachtain, Eoghan.
=245  10$aI dTaoiḃ na hOibre /$cEoġan Ó Neaċtain do sgríoḃ.
=246  3\$aI dTaoibh na hOibre
=260  \\$aBaile Áṫa Cliaṫ :$bConnraḋ na Gaeḋilge,$c1901.
=300  \\$a16 p. ;$c22 cm.
=490  1\$aLeaḃairíní Gaeḋilge le hAġaiḋ an tSluaiġ ;$v3
=500  \\$aCover title.
=650  \0$aIrish language$vReaders.
=830  \0$aLeabhairíní Gaeilge le hAghaidh an tSluaigh ;$v3.
=901  \\$aDigitized$bBCL$pEntire work$sBC20130317
=948  \\$aLTI 05/06/2002
=950  \\$aOL
=994  \\$aE0$bBXM

