=LDR  00953nam a2200313Ii 4500
=001  99121258640001021
=005  20130327154414.0
=008  120610s1904\\\\ie\a\\\j\\\\\\000\1\gle\d
=035  \\$a(Aleph)000440484BCL01
=035  9\$aACQ5945
=035  \\$a(OCoLC)ocm06247096
=040  \\$aMNT$cMNT
=041  0\$agleeng
=049  \\$aBXMM
=090  \\$aPB1225$b.C8
=100  1\$aCraig, J. P.$q(James Patrick)
=240  10$aIasgaireacht Séamuis bhig
=245  10$aIasgaireaċt Ṡéamuis ḃig /$cle Séamus 'A Creag.
=260  \\$aDublin :$bSealy, Bryers, & Walker,$c1904.
=300  \\$a121 p. :$bill. ;$c19 cm.
=440  \0$aModern Irish texts ;$v4
=500  \\$aSeries statement from cover.
=546  \\$aText in Irish with glossary and notes in Irish and English.
=650  \0$aIrish language$vReaders.
=901  \\$aDigitized$bBCL$pEntire work$sBC20130317
=948  \\$aLTI 08/08/2000
=948  \\$aLTI 03/06/2002
=950  \\$aOL
=994  \\$aE0$bBXM

