=LDR  01400nam a2200361   4500
=001  99123058420001021
=004  AFH1230
=005  20130412114246.0
=008  120610s1919\\\\enk\\\\\\\\\\\000\0\iri\c
=010  \\$a20002550
=035  \\$a(Aleph)000868558BCL01
=035  \\$a(OCoLC)ocm01110620
=035  9\$aAFH1230
=040  \\$aDRB$cDRB$dBXM
=041  1\$airieng$hlat
=049  \\$aBXMM
=050  0\$aPB1347$b.I7 vol. 19
=245  00$aGabháltas Serluis Mhóir.$bThe conquests of Charlemagne;$ced. from the Book of Lismore and three other vellum mss., by Douglas Hyde.
=246  31$aConquests of Charlemagne
=260  \\$aLondon,$bIrish texts society,$c1917 [i.e. 1919]
=300  \\$axv, 128, iii p.$c23cm.
=490  1\$aIrish texts society... [Publications] vol. XIX
=500  \\$aTranslation of Pseudo-Turpin's chronicle made from an (unknown Latin original "in or about 1400"; Irish and English on opposite pages. cf. Pref.
=500  \\$aImprint date lettered on back: (1917) 1919.
=504  \\$aBibliographical foot-notes and notes (p. [122]-128); Glossary: iii p. at end.
=600  00$aCharlemagne,$cEmperor,$d742-814$xRomances.
=700  0\$aPseudo-Turpin.
=700  1\$aHyde, Douglas,$d1860-1949$eed.
=730  0\$aBook of Lismore.
=830  \0$aIrish Texts Society (Series) ;$vvol. 19.
=901  \\$aDigitized$bBCL$pEntire work$sBC20130317
=948  \\$aLTI 08/08/2000
=950  \\$aOL

