=LDR  00968nam a2200301Ka 4500
=001  99120352900001021
=005  20130404143343.0
=008  120610s19uu\\\\ie\\\\\\\\\\\\000\0\gle\d
=035  \\$a(Aleph)001690914BCL01
=035  \\$a(OCoLC)ocm49265202
=040  \\$aBXM$cBXM
=041  0\$agleeng
=049  \\$aBXMM
=090  \\$aPB1225$b.O229 1900z
=100  1\$aÓ Catháin, Peadar.
=245  10$aCeaċta sgoile.$nCuid a hAon /$cPeadar Ó Caṫáin do sgríoḃ.
=246  3\$aCeachta sgoile
=250  \\$a8th ed.
=260  \\$a[Baile Áṫa Cliaṫ :$bCoṁluċt Oideaċais na hÉireann,$c19--?]
=300  \\$avi, 43 p. ;$c17 cm.
=500  \\$a"Sanctioned by the Commissioners for School Use."
=546  \\$aText in Irish with explanatory material in English.
=650  \0$aIrish language$vReaders.
=650  \0$aIrish language$xStudy and teaching.
=901  \\$aDigitized$bBCL$pEntire work$sBC20130317
=948  \\$aLTI 04/03/2002
=950  \\$aOL
=994  \\$aE0$bBXM

