=LDR  00942nam a2200277Ka 4500
=001  99116252760001021
=005  20130412141347.0
=008  120610s1918\\\\ie\c\\\\\\\\\\000\0\eng\d
=035  \\$a(Aleph)001698719BCL01
=035  \\$a(OCoLC)ocm49523591
=040  \\$aBXM$cBXM
=041  0\$aenggle
=049  \\$aBXMM
=090  \\$aPB1353$b.G55 1918
=245  00$aGill's Irish reciter :$ba selection of gems from Ireland's modern literature ; cnuasaċt seód as scriḃinniḃ Éireann /$cedited by J.J. O'Kelly.
=246  1\$iAt head of title:$aFéiṫe fódla
=250  \\$a4th ed.
=260  \\$aDublin :$bM.H. Gill & Sons,$c1918.
=300  \\$axxi, 362 p. :$bports. ;$c19 cm.
=546  \\$aText in English and Irish ; explanatory material in English.
=650  \0$aIrish literature.
=700  1\$aUa Ceallaigh, Sean,$d1872-1957.
=901  \\$aDigitized$bBCL$pEntire work$sBC20130317
=948  \\$aLTI 05/06/2002
=950  \\$aOL
=994  \\$aE0$bBXM

