=LDR  01000aam a2200313 1 4500
=001  99118753580001021
=004  ABC9872
=005  20130326152137.0
=008  120610s1907\\\\ie\\\\\\\\\\\\000\0\gle\d
=035  \\$a(Aleph)000192164BCL01
=035  \\$a(OCoLC)ocm03740368
=035  \\$a(GRSN)00208390 89
=035  \\$a(GRSN)00208390
=035  9\$aABC9872
=040  \\$aMNT$cMNT$dBXM
=041  0\$agleeng
=090  \\$aPB1223$b.C475 1907
=099  \\$aPB1223.B8
=110  2\$aChristian Brothers.
=245  10$aIrish composition :$bsuitable for middle and senior grades, intermediate, and for university examinations /$cby the Christian Brothers.
=260  \\$aDublin :$bGill,$c1907.
=300  \\$avi, 279 p. ;$c19 cm.
=500  \\$aA sequel to "Aids to Irish composition."
=650  \0$aIrish language$xComposition and exercises.
=650  \0$aIrish language$xGrammar.
=901  \\$aDigitized$bBCL$pEntire work$sBC20130317
=948  \\$aLTI 08/08/2000
=950  \\$aOL
=966  \\$c2 copies$lONEILL$mMONO

