=LDR  00956nam a2200289Ii 4500
=001  99122020750001021
=005  20130327162634.0
=008  120610s1907\\\\ie\\\\\\\\\\\\001\0\gle\d
=035  \\$a(Aleph)001689165BCL01
=035  \\$a(OCoLC)ocm06270602
=040  \\$aMNT$cMNT
=041  0\$agleeng
=049  \\$aBXMM
=090  \\$aPB1225$b.M43 1907
=130  0\$aMeasgán Músgraighe.
=245  10$aMeasgán Músgraiġe :$bcnuasaċ beag sgéalaiḋeaċta /$cSeosaṁ Laoide do ċuir i n-eagar.
=260  \\$ai mBaile Áṫa Cliaṫ :$bar n-a ċur amaċ do Ċonnraḋ na Gaeḋilge,$c1907.
=300  \\$aix, 168 p. ;$c16 cm.
=500  \\$aIncludes indexes.
=546  \\$aText in Irish with glossary in Irish and English.
=650  \0$aIrish language$vReaders.
=650  \0$aFolklore$zIreland$zMuskerry.
=700  1\$aLaoide, Seosamh,$dd. 1939.
=901  \\$aDigitized$bBCL$pEntire work$sBC20130317
=948  \\$aLTI 03/06/2002
=950  \\$aOL
=994  \\$aE0$bBXM

