=LDR  00840nam a2200265Ka 4500
=001  99120344100001021
=005  20130327153734.0
=008  120610s1914\\\\ie\a\\\\\\\\\\000\0\gle\d
=035  \\$a(Aleph)001690630BCL01
=035  \\$a(OCoLC)ocm49240820
=040  \\$aBXM$cBXM
=041  0\$agleeng
=049  \\$aBXMM
=090  \\$aPB1225$b.C437 1914
=245  03$aAn ceaṫraṁaḋ leaḃar Gaeḋilg.
=246  3\$aCeathramhadh leabhar Gaedhilg
=246  3\$aGaeḋilg, an ceaṫraṁaḋ leaḃar
=260  \\$aBaile Áṫa Cliaṫ :$bConnraḋ na Gaeḋilge,$c1914.
=300  \\$avi, 141 p. :$bill. ;$c20 cm.
=546  \\$aStories and poems in Irish with notes and word lists in English.
=650  \0$aIrish language$vReaders.
=901  \\$aDigitized$bBCL$pEntire work$sBC20130317
=948  \\$aLTI 03/06/2002
=950  \\$aOL
=994  \\$aE0$bBXM

