=LDR  00918nam a2200313 i 4500
=001  99125264890001021
=004  ADB4621
=005  20130412150557.0
=008  120610s1914\\\\ie\\\\\\\\\\\\000\0diri\d
=035  \\$a(Aleph)000501925BCL01
=035  \\$a(OCoLC)ocm06902354
=035  \\$a(GRSN)00532277 89
=035  \\$a(GRSN)00532277
=035  9\$aADB4621
=040  \\$aMNT$cMNT$dBXM
=041  0\$airieng
=049  \\$aBXMM
=090  \\$aPB1395.M3$bL2
=099  \9$aPB1395.M3L2
=245  00$aDuanaire na Miḋe /$cSeosaṁ Laoide do ċuir le ċéile.
=246  3\$aDuanaire na Midhe
=260  \\$aI mBaile Áṫa Cliaṫ :$bClóḋanna, ar n-a ċur amaċ do Ċonnraḋ na Gaeḋilge,$c1914.
=300  \\$avi, 148 p. ;$c19 cm.
=650  \0$aBallads, Irish.
=700  1\$aLaoide, Seosamh,$dd. 1939.
=901  \\$aDigitized$bBCL$pEntire work$sBC20130317
=948  \\$aLTI 08/08/2000
=950  \\$aOL
=966  \\$lONEILL$mMONO

