=LDR  01290nam a2200313   4500
=001  99123061040001021
=004  AFH1135
=005  20130412121259.0
=008  120610m19101917enk\\\\\\\\\\\001\0\irix\
=010  \\$a11011429
=035  \\$a(Aleph)000868463BCL01
=035  \\$a(OCoLC)ocm05764197
=035  9\$aAFH1135
=040  \\$aDLC$cMNT$dOCL$dBXM
=041  0\$airieng
=049  \\$aBXMM
=050  \\$aPB1347$b.I7 vol. 11, 13, 18
=100  1\$aO Bruadair, Dáibhí,$dca. 1625-1698.
=245  10$aDuanaire Ḋáiḃiḋ Uí Ḃruadair.$bThe poems of David Ó Bruadair.$cPts. I[-III] Ed. with introductions, translation, and notes by Rev. John C. MacErlean, S.J.
=246  31$aPoems of David Ó Bruadair
=260  \\$aLondon,$bFor the Irish Texts Society, by D. Nutt,$c1910-1917.
=300  \\$a3 v.$c23 cm.
=490  1\$aIrish texts Society.$vvols. 11, 13, 18
=505  0\$apt. I. Containing poems down to the year 1666.--pt. II. Containing poems from the year 1667 to 1682.--pt. III. Containing poems from the year 1682 till the poet's death in 1698. Glossary. Indexes to the three parts.
=700  1\$aMacErlean, John C.,$d1870-
=830  \0$aIrish Texts Society (Series) ;$vvol. 11, 13, 18..
=901  \\$aDigitized$bBCL$pEntire work$sBC20130317
=948  \\$aLTI 08/08/2000
=950  \\$aOL

