=LDR  01030nam a2200313 1 4500
=001  99125254290001021
=004  ADB4345
=005  20130423114619.0
=008  120610s1918\\\\ie\\\\\\\\\\\\000\1\iri\d
=035  \\$a(Aleph)000501649BCL01
=035  \\$a(OCoLC)ocm06037740
=035  \\$a(GRSN)00532000 89
=035  \\$a(GRSN)00532000
=035  9\$aADB4345
=040  \\$aMNT$cMNT$dBXM
=049  \\$aBXMM
=090  \\$aPB1399.O4$bS41918
=100  1\$aO Conaire, Padraic,$d1883-1928.
=245  10$aSeaċt mbuaiḋ an eirġe-amaċ /$cPádraic Ó Conaire.
=246  3\$aSeacht mbuaidh an eirghe-amach
=250  \\$a[1st ed.]
=260  \\$aBaile Áṫa Cliaṫ :$bMaunsel agus a Ċoṁ.,$c1918.
=300  \\$a212 p. ;$c19 cm.
=500  \\$aShort stories.
=505  0\$aCeóltóirí.--Díoġaltas.--Beirt ḃan misneaṁail.--Anam an easbuic.--Bé an tsiopa seandaċta.--Rún an ḟir ṁóir.--M'ḟile caol duḃ.
=901  \\$aDigitized$bBCL$pEntire work$sBC20130317
=948  \\$aLTI 08/08/2000
=950  \\$aOL
=966  \\$lONEILL$mMONO

