=LDR  01192nam a2200313Ka 4500
=001  99120352680001021
=005  20130327163644.0
=008  120610s1906\\\\ie\\\\\\\\\\\\000\0\gle\d
=035  \\$a(Aleph)001690919BCL01
=035  \\$a(OCoLC)ocm49265239
=040  \\$aBXM$cBXM
=041  0\$agleeng
=049  \\$aBXMM
=090  \\$aPB1225$b.O53 1906
=100  1\$aÓ Laoghaire, Pádraig.
=245  10$aMáire Ní Rógáin :$ban seiseaḋ roinn de sgéaluiḋeacht ċúige Muṁan /$cag Pádraig Ó Laoġaire ; Seosaṁ Laoide do ċuir i n-eagar.
=260  \\$aBaile Áṫa Cliaṫ :$bar n-a ċur amaċ Ċonnraḋ na Gaeḋilge,$c1906.
=300  \\$a19 p. ;$c18 cm.
=440  \0$aLeaḃairíní Gaeḋilge le haġaiḋ an tsluaiġ ;$v26
=490  1\$aLeaḃairíní Gaeḋilge le haġaiḋ an tSluaiġ ;$v26
=546  \\$aText in Irish with glossary in Irish and English.
=650  \0$aIrish language$vReaders.
=650  \0$aFolk literature, Irish$zIreland$zMunster.
=700  1\$aLaoide, Seosamh,$dd. 1939.
=830  \0$aLeabhairíní Gaedhilge le haghaidh an tSluaigh ;$v26.
=901  \\$aDigitized$bBCL$pEntire work$sBC20130317
=948  \\$aLTI 04/03/2002
=950  \\$aOL
=994  \\$aE0$bBXM

