=LDR  01211cam a2200325Ka 4500
=001  99120352640001021
=005  20130327164730.0
=008  120610s1908\\\\ie\\\\\\\\\\\\000\0\gle\d
=035  \\$a(Aleph)001690920BCL01
=035  \\$a(OCoLC)ocm39779101
=040  \\$aI4K$cI4K$dBXM
=041  0\$agleeng
=049  \\$aBXMM
=090  \\$aPB1225$b.O534 1908
=100  1\$aÓ Laoghaire, Pádraig.
=245  10$aRí na mBréag :$ban treas roinn de sgéaluiḋeaċt ċuige muṁan /$cag Pádraig Ó Laoġaire ; Seosaṁ Taoide do ċuir i n-eagar.
=260  \\$aBaile Áṫa Cliaṫ :$bar n-a ċur amaċ do Ċonnraḋ na Gaeḋilge,$c1908.
=300  \\$a8 p. ;$c18 cm.
=440  \0$aLeaḃairíní Gaeḋilge le haġaiḋ an tsluaiġ ;$v17
=490  1\$aLeaḃairíní Gaeḋilge le haġaiḋ an tSluaiġ ;$v17
=500  \\$aCover title.
=650  \0$aIrish language$vReaders.
=650  \0$aFolk literature, Irish$zIreland$zMunster.
=700  1\$aLaoide, Seosamh,$dd. 1939.
=773  18$w(Aleph)001919817BCL50$gno. 39031011757309
=830  \0$aLeabhairíní Gaedhilge le haghaidh an tSluaigh ;$v17.
=901  \\$aDigitized$bBCL$pEntire work$sBC20130317
=948  \\$aLTI 04/03/2002
=950  \\$aOL
=994  \\$aE0$bBXM

