=LDR  00925aam a2200301 1 4500
=001  99118751800001021
=004  ABC9897
=005  20130327115248.0
=008  120610s1845\\\\ie\\\\\\\\\\\\000\0\eng\\
=010  \\$a10029271
=035  \\$a(Aleph)000192189BCL01
=035  \\$a(OCoLC)ocm04346230
=035  \\$a(GRSN)00208415 89
=035  \\$a(GRSN)00208415
=035  9\$aABC9897
=040  \\$aDLC$cMNT$dBXM
=041  0\$aengiri
=050  0\$aPB1223$b.O4
=099  \\$aPB1223.O4
=100  1\$aO'Donovan, John,$d1809-1861.
=245  12$aA grammar of the Irish language,$bpub. for the use of the senior classes in the College of St. Columbia.$cBy John O'Donovan.
=260  \\$aDublin,$bHodges and Smith,$c1845.
=300  \\$alxxxviii, 459 p. :$bill. ;$c22 cm.
=650  \0$aIrish language$xGrammar.
=901  \\$aDigitized$bBCL$pEntire work$sBC20130317
=948  \\$aLTI 08/08/2000
=950  \\$aOL
=966  \\$c2 copies$lONEILL$mMONO

