=LDR  01230nam a2200361   4500
=001  99125270940001021
=004  ADB4443
=005  20130412145325.0
=008  120610s1921\\\\ie\\\\\\\\\\\\001\0\iri\\
=010  \\$aa 45005543
=035  \\$a(Aleph)000501747BCL01
=035  \\$a(OCoLC)ocm04880549
=035  \\$a(GRSN)00532100 89
=035  \\$a(GRSN)00532100
=035  9\$aADB4443
=040  \\$aNY Public for LC$cMNT$dm.c.$dBXM
=041  0\$airieng
=049  \\$aBXMM
=050  0\$aPN6287.I7$bO7
=090  \\$aPB1360$b.R144
=099  \9$aPB1360.R144
=100  1\$aO'Rahilly, Thomas Francis.
=245  10$aDánfhocail;$bIrish epigrams in verse,$ccollected and edited by Thomas F. O'Rahilly.
=260  \\$aDublin,$bThe Talbot Press limited,$c1921.
=300  \\$a114, [1] p. ;$c18 cm.
=500  \\$a"The bulk of the collection has been drawn from mss. in the Royal Irish academy ... also ... mss. in Trinity college, in the National library, in Maynooth college, and in University college, Dublin."--Notes.
=500  \\$a"Glossary": p. 101-111.
=650  \0$aEpigrams, Irish.
=650  \0$aIrish poetry.
=901  \\$aDigitized$bBCL$pEntire work$sBC20130317
=948  \\$aLTI 08/08/2000
=950  \\$aOL
=966  \\$lONEILL$mMONO

