=LDR  01028cam a2200313Ka 4500
=001  99119040110001021
=005  20130328123103.0
=008  120610s1901\\\\ie\\\\\\\\\\\\000\0\gle\d
=035  \\$a(Aleph)001703115BCL01
=035  \\$a(OCoLC)ocm27050063
=040  \\$aBUQ$cBUQ$dBXM
=041  0\$agleeng
=049  \\$aBXMM
=090  \\$aPB1227$b.N45 1901
=100  1\$aNeilson, William,$d1774-1821.
=245  10$aRáiteaċas /$car n-a ḃaint as gramadaiġ Uilliaim Ṁic Néill.
=246  3\$aRáiteachas
=260  \\$aI mBaile Áṫa Cliaṫ :$bConnraḋ na Gaeḋilge,$c1901.
=300  \\$av. ;$c21 cm.
=490  1\$aLeaḃairíní Gaeḋilge le haġaiḋ an tsluaiġ ;$v2
=500  \\$aCover title.
=546  \\$aIrish and English in parallel columns.
=650  \0$aIrish language$vConversation and phrase books.
=830  \0$aLeabhairíní Gaeilge le haghaidh an tsluaigh ;$v2.
=901  \\$aDigitized$bBCL$pEntire work$sBC20130317
=948  \\$aLTI 05/13/2002
=948  \\$aLTI 05/20/2002
=950  \\$aOL
=994  \\$aE0$bBXM

