=LDR  01151nam a2200313   4500
=001  99123059260001021
=004  AFH1204
=005  20130412115505.0
=008  120610s1907\\\\enk\\\\\\\\\\\000\0\eng\c
=010  \\$a07023870
=035  \\$a(Aleph)000868532BCL01
=035  \\$a(OCoLC)ocm01200214
=035  9\$aAFH1204
=040  \\$aDRB$cDRB$dBXM
=049  \\$aBXMM
=050  0\$aPB1347$b.I7 vol. 6
=100  0\$aVirgil.
=240  10$aAeneis.$lIrish & English
=245  10$aImtheachta Æniasa.$bThe Irish Æneid ; being a translation, made before A.D. 1400, of the XII books of Vergil's Ænid into Gaelic.$cThe Irish text, with translation into English, introduction, vocabulary, and notes, by Rev. George Calder.
=246  31$aIrish Æneid
=260  \\$aLondon,$bFor the Irish texts society by D. Nutt,$c1907.
=300  \\$axx, 238, 18 p.$c23 cm.
=490  1\$aIrish texts society... Vol. VI.
=504  \\$a"Authorities referred to or quoted" : p. XIX-XX.
=700  1\$aCalder, George,$d1859-1941,$eed.
=830  \0$aIrish Texts Society (Series) ;$vvol. 6.
=901  \\$aDigitized$bBCL$pEntire work$sBC20130317
=948  \\$aLTI 08/08/2000
=950  \\$aOL

