=LDR  01075nam a2200301   4500
=001  99116089770001021
=004  AFH4884
=005  20130412111424.0
=008  120610s1904\\\\enk\\\\\\\\\\\000\0\iri\\
=010  \\$a06004416
=035  \\$a(Aleph)000872212BCL01
=035  \\$a(OCoLC)ocm03394885
=035  9\$aAFH4884
=040  \\$aDLC$cGUA$dGUA$dBXM
=049  \\$aBXMM
=050  0\$aPB1353$b.I6 v.5
=090  \\$aPB1347$b.I7 vol. 5
=130  0\$aCaithreim Conghail Clairinghnigh.
=245  10$aCaithreim Conghail Clairinghnigh.$bMartial career of Conghal Cláiringhneach;$ced. for the first time, with translation, introduction, notes, and glossary, by Patrick M. MacSweeney.
=246  31$aMartial career of Conghal Cláiringhneach
=260  \\$aLondon,$bPub. for the Irish Texts Society, by D. Nutt,$c1904.
=300  \\$alxvii, 233 p.$c23 cm.
=490  1\$aIrish Texts Society. v. 5
=700  1\$aMacSweeney, Patrick M.,$eed.
=830  \0$aIrish Texts Society (Series) ;$vvol. 5..
=901  \\$aDigitized$bBCL$pEntire work$sBC20130317
=948  \\$aLTI 08/08/2000
=950  \\$aOL

