=LDR  01051nam a2200337 i 4500
=001  99125265250001021
=004  ADB4601
=005  20130328143042.0
=008  120610s1899\\\\ie\\\\\\\i\\\\001\0\iri\d
=035  \\$a(Aleph)000501905BCL01
=035  \\$a(OCoLC)ocm03889646
=035  \\$a(GRSN)00532258 89
=035  \\$a(GRSN)00532258
=035  9\$aADB4601
=040  \\$aMNT$cMNT$dBXM
=041  0\$airieng
=049  \\$aBXMM
=090  \\$aPB1266$b.H71
=099  \9$aPB1266.H71
=100  1\$aHogan, Edmund Ignatius,$d1831-1917.
=245  10$aIrish phrase book, illustrating the various meanings and uses of verbs and prepositions combined /$cby Edmund Hogan.
=260  \\$aDublin :$bSullivan, Brothers (A. Thom and Co. Limited),$c1899.
=300  \\$a144 p. ;$c18 cm.
=500  \\$aIncludes indexes.
=650  \0$aIrish language$xVerb.
=650  \0$aIrish language$xTerms and phrases.
=650  \0$aIrish language$xPrepositions.
=901  \\$aDigitized$bBCL$pEntire work$sBC20130317
=948  \\$aLTI 08/08/2000
=950  \\$aOL
=966  \\$lONEILL$mMONO

