=LDR  01260nam a2200349   4500
=001  99122299470001021
=004  AEW0460
=005  20130412113726.0
=008  120610s1916\\\\enkc\\\\\\\\\\000\0dirix\
=010  \\$a17024436
=035  \\$a(Aleph)000757828BCL01
=035  \\$a(OCoLC)ocm05703569
=035  9\$aAEW0460
=040  \\$aDLC$cMNT$dBXM
=041  0\$airieng
=049  \\$aBXMM
=050  0\$aPB1347$b.I7 vol. 17
=100  1\$aCarolan, Turlough,$d1670-1738.
=245  10$aAṁráin Ċearḃalláin:$bthe poems of Carolan together with other N. Connacht and S. Ulster lyrics,$ced. with introduction, notes and vocabulary by Tomás Ó Máille.
=246  3\$aAmhráin Chearbhalláin
=260  \\$aLondon,$bThe Irish Texts Society,$c1916.
=300  \\$axv, 423 p.$bfront. (port.)$c23 cm.
=490  1\$aIrish Texts Society. [Publications]$vvol. 17
=500  \\$a"The manuscripts": p. 46-52. "The language of the poems": p. 52-108.
=500  \\$a"List of works referred to": 1 leaf following p. xv.
=650  \0$aBallads, Irish.
=650  \0$aIrish poetry.
=700  1\$aÓ Máille, Tomás,$d1880-1938.
=830  \0$aIrish Texts Society (Series) ;$vvol. 17..
=901  \\$aDigitized$bBCL$pEntire work$sBC20130317
=948  \\$aLTI 08/08/2000
=950  \\$aOL

