=LDR  00812cam a2200241Ii 4500
=001  99120341760001021
=005  20130327173120.0
=008  120610s1915\\\\ie\\\\\\\\\\\\000\0\gle\d
=035  \\$a(Aleph)001690675BCL01
=035  \\$a(OCoLC)ocm06508916
=040  \\$aMNT$cMNT$dOCL
=041  0\$agleeng
=049  \\$aBXMM
=090  \\$aPB1225$b.R43 1915
=245  00$aRéalta de'n spéir :$bleaḃar léiġṫeoreaċta iolsgol agus árdsgol /$cSeosaṁ Laoide do ċuir i n-eagar.
=260  \\$aI mBaile Áṫa Cliaṫ :$bClóḋanna, ar n-a ċur amaċ do Ċonnraḋ na Gaeḋilge,$c1915.
=300  \\$av, [3], 242 p. ;$c22 cm.
=650  \0$aIrish language$vReaders.
=700  1\$aLaoide, Seosamh,$dd. 1939.
=901  \\$aDigitized$bBCL$pEntire work$sBC20130317
=948  \\$aLTI 03/06/2002
=950  \\$aOL
=994  \\$aE0$bBXM

