=LDR  01321cam a2200301 a 4500
=001  99118766880001021
=005  20130422173212.0
=008  120610s1907\\\\ie\a\\\\\\\\\\000\1\gle\d
=035  \\$a(Aleph)002972871BCL01
=035  \\$a(OCoLC)ocm32571367
=040  \\$aCUY$cCUY$dOCLCQ$dBXM
=041  0\$agleeng
=049  \\$aBXMM
=090  \\$aPB1399.O433$bC3 1907
=100  1\$aÓ Dubhghaill, Séamus,$d1855-1929.
=245  10$aCaṫair Conroí agus sgéalta eile /$cTaḋg Méiṫ .i. Séamus Ua Duḃġaill do sgríoḃ i gcoṁair Oireaċtais 1902.
=260  \\$aI mBaile Áṫa Cliaṫ :$bAr n-a ċur amaċ do Ċonnraḋ na Gaeḋilge,$c1907.
=300  \\$a60 p. :$bill. ;$c19 cm.
=500  \\$a"An Seiseaḋ cur"--Cover.
=500  \\$aWritten for Oireachtas, 1902.
=505  0\$aCaṫair Conroí.--Ag dul amuġa.--Ag éaluġaḋ ó sgoil.--Cailín na mbráiṫre.--Cóṁarṫa na gealaiġe.--An gad mara nó ar lorg an ḃéarla.
=710  2\$aGaelic League (Ireland)
=740  0\$aCathair Conroí.
=776  18$iOnline version:$aÓ Dubhghaill, Séamus, 1855-1929.$tCaṫair Conroí agus sgéalta eile.$dI mBaile Áṫa Cliaṫ : Ar n-a ċur amaċ do Ċonnraḋ na Gaeḋilge, 1907$w(OCoLC)682360437
=901  \\$aDigitized$bBCL$pEntire work$sBC20130317
=948  \\$aLTI 09/30/2011
=950  \\$aOL
=994  \\$aC0$bBXM

