=LDR  01236nam a2200349   4500
=001  99123062320001021
=004  AFH1079
=005  20130412132325.0
=008  120610s1913\\\\enk\\\\\\\\\\\000\0\iri\\
=010  \\$a13008389
=035  \\$a(Aleph)000868407BCL01
=035  \\$a(OCoLC)ocm03394807
=035  9\$aAFH1079
=040  \\$aDLC$cGUA$dGUA$dBXM
=041  0\$airieng
=049  \\$aBXMM
=050  \\$aPB1347$b.I7
=130  0\$aBuile Suibhne Geilt.
=245  10$aBuile Suibhne.$b(The frenzy of Suibhne) being the adventures of Subhne Geilt, a Middle Irish romance;$cedited with translation, introduction, notes and glossary by J. G. O'Keeffe.
=246  30$aFrenzy of Suibhne
=260  \\$aLondon,$bPub. from the Irish Texts Society by D. Nutt,$c1913.
=300  \\$axxxviii, 198 p.$c23 cm.
=490  1\$aIrish Texts Society ;$vv. 12
=500  \\$aIrish and English on opposite pages.
=500  \\$a"The battle of Magh Rath": p. xix-xxx.
=600  00$aSuibhne Geilt.
=650  \0$aMagh Rath, Battle of, Ireland, 637.
=700  1\$aO'Keeffe, J. G.$q(James George),$d1865-1937.
=830  \0$aIrish Texts Society (Series) ;$vvol. 12.....
=901  \\$aDigitized$bBCL$pEntire work$sBC20130317
=948  \\$aLTI 08/08/2000
=950  \\$aOL

