=LDR  00823nam a2200265Ka 4500
=001  99120338800001021
=005  20130327155203.0
=008  120610s1915\\\\ie\a\\\\\\\\\\000\0\gle\d
=035  \\$a(Aleph)001690765BCL01
=035  \\$a(OCoLC)ocm49253831
=040  \\$aBXM$cBXM
=041  0\$agleeng
=049  \\$aBXMM
=090  \\$aPB1225$b.D37 1915
=245  03$aAn dara leaḃar :$bGaeḋilg agus Béarla.
=246  3\$aDara leabhar
=246  3\$aGaeḋilg agus Béarla, an dara leaḃar
=260  \\$aBaile Áṫa Cliaṫ :$bar n-a ċur amaċ do Connraḋ na Gaeḋilge,$c1915.
=300  \\$a111 p. :$bill. ;$c18 cm.
=546  \\$aSection 1 in Irish; section 2 in English.
=650  \0$aIrish language$vReaders.
=901  \\$aDigitized$bBCL$pEntire work$sBC20130317
=948  \\$aLTI 04/03/2002
=950  \\$aOL
=994  \\$aE0$bBXM

