=LDR  01239nam a2200361   4500
=001  99125261140001021
=004  ADB4214
=005  20130327115727.0
=008  120610c19011902xx\\\\\\\\\\\\001\0\glem\
=010  \\$a02002775
=035  \\$a(Aleph)000501518BCL01
=035  \\$a(OCoLC)ocm06782152
=035  \\$a(GRSN)00531870 89
=035  \\$a(GRSN)00531870
=035  9\$aADB4214
=040  \\$aDLC$cDUQ$dDUQ$dBXM
=041  0\$agleeng
=049  \\$aBXMM
=090  \\$aPB1223$b.O477 1902
=099  \9$aPB1223.O5
=100  1\$aO'Growney, Eugene,$d1863-1899.
=245  10$aRevised simple lessons in Irish,$bgiving the pronunciation of each word.$cBy Eugene O'Growney. With appendix containing a complete and exhaustive glossary of every Irish word used in the text. pt. I
=250  \\$a[1st American ed.]
=260  \\$aNew York,$bThe Gael publishing company,$c1902 [1901]
=300  \\$avi, 90 p.$bfront. (port.)$c19 cm.
=500  \\$aIncludes index.
=546  \\$aLessons in Irish with explanatory material in English.
=650  \0$aIrish language$xGrammar.
=650  \0$aIrish language$vComposition and exercises.
=901  \\$aDigitized$bBCL$pEntire work$sBC20130317
=948  \\$aLTI 08/08/2000
=950  \\$aOL
=966  \\$lONEILL$mMONO

