=LDR  00659nam a2200229Ka 4500
=001  99120352720001021
=005  20130327154902.0
=008  120610s1918\\\\ie\a\\\\\\\\\\000\0\gle\d
=035  \\$a(Aleph)001690918BCL01
=035  \\$a(OCoLC)ocm49265219
=040  \\$aBXM$cBXM
=049  \\$aBXMM
=090  \\$aPB1225$b.D36 1918
=245  03$aAn dara leaḃar.
=246  3\$aDara leabhar
=260  \\$aBaile Áṫa Cliaṫ :$bar n-a ċur amaċ do Ċonnraḋ na Gaeḋilge,$c1918.
=300  \\$a64 p. :$bill. ;$c18 cm.
=650  \0$aIrish language$vReaders.
=901  \\$aDigitized$bBCL$pEntire work$sBC20130317
=948  \\$aLTI 04/03/2002
=950  \\$aOL
=994  \\$aE0$bBXM

