=LDR  00835nam a2200277   4500
=001  99125264790001021
=004  ADB4628
=005  20130412152137.0
=008  120610s1902\\\\ie\a\\\\\\\\\\000\0\iri\d
=035  \\$a(Aleph)000501932BCL01
=035  \\$a(OCoLC)ocm11279831
=035  \\$a(GRSN)00532284 89
=035  \\$a(GRSN)00532284
=035  9\$aADB4628
=040  \\$aORE$cORE$dBXM
=049  \\$aBXMM
=090  \\$aPB1396.K45$b.D5
=099  \9$aPB1396.K45.D5
=100  1\$aDinneen, Patrick S.$q(Patrick Stephen),$d1860-1934.
=245  10$aCill Áirne;$btrácht ar spéar-radharcaibh Locha Léin agus ná tire 'na thimhcheall.
=260  \\$aBaile Átha Cliath,$bna Gaedhilge,$c1902.
=300  \\$a89 p.$billus.$c19 cm.
=901  \\$aDigitized$bBCL$pEntire work$sBC20130317
=948  \\$aLTI 08/08/2000
=950  \\$aOL
=966  \\$lONEILL$mMONO

