=LDR  00733nam a2200241 a 4500
=001  99124625890001021
=005  20130326142302.0
=008  120610s1911\\\\mau\\\\\\\\\\\000\0\eng\d
=035  \\$a(Aleph)001819895BCL01
=035  \\$a(OCoLC)ocm52507233
=040  \\$aBXM$cBXM
=049  \\$aBXMM
=090  \\$aPB1216$b.D33 1911
=100  1\$aO'Daly, P. J.
=245  14$aThe Irish vindicator both of race and language :$ban appeal to the Irish race to save the Irish language /$cby P.J. O'Daly.
=260  \\$aBoston :$bAngel Guardian Press,$c1911.
=300  \\$a59 p. ;$c16 cm.
=650  \0$aIrish.
=650  \0$aIrish language.
=901  \\$aDigitized$bBCL$pEntire work$sBC20130317
=948  \\$aLTI 06/30/2003
=950  \\$aOL
=994  \\$aE0$bBXM

