=LDR  00703nam a2200229K  4500
=001  99122029450001021
=005  20130327125352.0
=008  120610s1920\\\\ie\\\\\\\\\\\\000\0\eng\d
=035  \\$a(Aleph)001689378BCL01
=035  \\$a(OCoLC)ocm10926661
=040  \\$aVXI$cVXI$dBXM
=049  \\$aBXMM
=090  \\$aPB1225$b.B87
=110  2\$aCongregation of Christian Brothers
=245  10$aTeachers' companion to Irish composition /.$cby the Christian Brothers.
=260  \\$aDublin :$bGill ;$aLondon :$bBurns & Oates,$c1920.
=300  \\$a142 p.;$c18 cm.
=650  \0$aIrish language$xComposition.
=901  \\$aDigitized$bBCL$pEntire work$sBC20130317
=948  \\$aLTI 03/06/2002
=950  \\$aOL
=994  \\$aE0$bBXM

