=LDR  01541nam a2200349Ia 4500
=001  99125265220001021
=005  20130412150204.0
=008  120610s1915\\\\ie\\\\\\\\\\\\001\0\gle\d
=035  \\$a(Aleph)000501906BCL01
=035  9\$aADB4602
=035  \\$a(OCoLC)ocm05699439
=040  \\$aMNT$cMNT
=041  0\$agleeng
=049  \\$aBXMM
=090  \\$aPB1383$b.M61
=110  2\$aSt. Patrick's College (Maynooth, Ireland).$bColumban League.
=245  10$aGadaiḋe géar na geaṁ-oiḋċe :$bi n-a ḃfuilid suim ṁór d'eaċtraiḃ & d'imṫeaċtaiḃ Finn & na Féinne go foir-leaṫan & do sgéaltaiḃ eile naċ iad /$cTriúr cóṁḋalta do Ċuallaċt Ċuilm Cille do ṡoláṫruiġ.
=246  3\$aGadaidhe géar na geamh-oidhche
=260  \\$aI mBaile Áṫa Cliaṫ :$bDollard,$c1915.
=300  \\$aviii, 203 p. ;$c20 cm.
=500  \\$aNo more published?
=505  0\$av. 1. Bruiġean ḃeag na h-Alṁaine -- Tóruiġeaċt Ṡaiḋḃe, inġine Eóġain Óig -- Eaċtra lollainn Iolċroṫaiġ, mac Ríoġ na h-Easpáine -- Bruiġean Ċéise Corainn -- Diṫreaċ Ġlinn an Ṗeice -- Ceisneaṁ Inġine Guil -- Eaċtra Léiṫín.
=546  \\$aText in Irish ; preface and explanatory material in English.
=600  00$aFinn MacCumhaill,$d3rd cent.
=700  1\$aÓ Gallchobhair, Tomás,$db. 1894.
=700  1\$aUa Cuain, Pádraig.
=700  1\$aMac Giolla-Fhionnáin, Tadgh.
=901  \\$aDigitized$bBCL$pEntire work$sBC20130317
=948  \\$aLTI 08/08/2000
=948  \\$aLTI 04/03/2002
=950  \\$aOL
=994  \\$aE0$bBXM

