=LDR  01223nam a2200325   4500
=001  99123060340001021
=004  AFH1164
=005  20130412120544.0
=008  120610s1911\\\\enkb\\\\\\\\\\001\0dirix\
=010  \\$a12001301
=035  \\$a(Aleph)000868492BCL01
=035  \\$a(OCoLC)ocm05703458
=035  9\$aAFH1164
=040  \\$aDLC$cMNT$dOCL$dBXM
=041  0\$airieng
=049  \\$aBXMM
=050  0\$aPB1347$b.I7 vol. 3
=100  1\$aO'Rahilly, Egan,$dfl. 1670-1724.
=245  10$aDánta Aoḋagáin Uí Raṫaille;$bthe poems of Egan O'Rahilly,$cwith introduction, translation, notes and indexes, together with original illustrative documents, ed. by Rev. Patrick S. Dinneen, M.A., and Tadhg O'Donoghue.
=246  31$aPoems of Egan O'Rahilly
=250  \\$a2nd ed.
=260  \\$aLondon,$bPub. for the Irish Texts Society by D. Nutt,$c1911.
=300  \\$a1 p. l., lxii, 360 p.$bfront.$c23 cm.
=490  1\$aIrish Texts Society.$vvol. 3, 1909
=700  1\$aDinneen, Patrick S.$q(Patrick Stephen),$d1860-1934$eed.
=700  1\$aÓ Donnchadha, Tadhg,$d1874-1930$ejoint ed.
=830  \0$aIrish Texts Society (Series) ;$vvol. 3.
=901  \\$aDigitized$bBCL$pEntire work$sBC20130317
=948  \\$aLTI 08/08/2000
=950  \\$aOL

