=LDR  00761nam a2200241 a 4500
=001  99121406960001021
=005  20130430122624.0
=008  120610s1922\\\\ie\a\\\\\\\\\\000\1\gle\d
=035  \\$a(Aleph)002116815BCL01
=035  \\$a(OCoLC)ocm20307617
=040  \\$aEIS$cEIS$dBXM
=049  \\$aBXMM
=090  \\$aPB1399.S6$bS4 1922
=092  \\$a891.6284$fOSI
=100  1\$aÓ Siochfhradha, Pádraig,$d1883-1964.
=245  10$aSeáinín :$bnó eaċtra mic mí-rialta /$c"An seaḃac" (Pádraig Ó Sioċḟraḋa) do scríoḃ.
=260  \\$aBaile Áṫa Cliaṫ :$bMaunsel agus Roberts,$c1922.
=300  \\$a129 p. :$bill. ;$c20 cm.
=500  \\$aNovel.
=901  \\$aDigitized$bBCL$pEntire work$sBC20130317
=948  \\$aLTI 06/28/2005
=950  \\$aOL
=994  \\$aC0$bBXM

