=LDR  01194nam a2200349   4500
=001  99125271150001021
=004  ADB4437
=005  20130412144626.0
=008  120610s1883\\\\enk\\\\\\\\\\\001\0\iri\\
=010  \\$a17006613
=035  \\$a(Aleph)000501741BCL01
=035  \\$a(OCoLC)ocm03785044
=035  \\$a(GRSN)00532094 89
=035  \\$a(GRSN)00532094
=035  9\$aADB4437
=040  \\$aDLC$cPAU$dm/c$dBXM
=049  \\$aBXMM
=050  \\$aAC9$b.A6 4th ser., pt.3
=090  \\$aPB1359$b.S27
=099  \9$aPB1359.S27
=130  0\$aSaltair na rann.
=245  14$aThe Saltair na rann,$ba collection of early Middle Irish poems;$ced. from ms. Rawl. B. 502, in the Bodleian library by Whitley Stokes.
=260  \\$aOxford,$bClarendon press,$c1883.
=300  \\$avi, 155 p. ;$c23 cm.
=440  \0$aAnecdota oxoniensia.$pMediaeval and modern series ;$vvol. I, pt. III
=500  \\$a"The Saltair ... is attributed to Oengus the Culdee ... this attribution is erroneous." - Pref.
=650  \0$aIrish poetry.
=710  2\$aBodleian Library.$kManuscript.$nRawlinson B 502.
=901  \\$aDigitized$bBCL$pEntire work$sBC20130317
=948  \\$aLTI 08/08/2000
=950  \\$aOL
=966  \\$lONEILL$mMONO

