=LDR  01073nam a2200301I  4500
=001  99125257560001021
=005  20130412133632.0
=008  120610s1899\\\\enk\\\\\\\\\\\000\0\gle\\
=010  \\$a05037602
=035  \\$a(Aleph)000501577BCL01
=035  9\$aADB4273
=035  \\$a(OCoLC)ocm05703361
=040  \\$aDLC$cMNT
=041  0\$agleeng
=049  \\$aBXMM
=050  0\$aPB1347$b.I7 vol. 1
=130  0\$aGiolla an fhiugha.
=245  10$aGiolla an ḟiuġa;$bor, The lad of the ferule. Eaċtra cloinne riġ na n-Ioruaiḋe; or, Adventures of the children of the king of Norway.$cEd., with translation, notes and glossary, by Douglas Hyde.
=260  \\$aLondon,$bPublished for the Irish Texts Society, by D. Nutt,$c1899.
=300  \\$avii, 208 p. ;$c23 cm.
=490  1\$aIrish Texts Society ;$vvol. 1
=700  1\$aHyde, Douglas,$d1860-1949$eeditor.
=740  01$aEachtra cloinne righ na h-Ioruaidhe.
=830  \0$aIrish Texts Society (Series) ;$vvol. 1.
=901  \\$aDigitized$bBCL$pEntire work$sBC20130317
=948  \\$aLTI 08/08/2000
=950  \\$aOL
=994  \\$aE0$bBXM

