=LDR  01352nam a2200325Ii 4500
=001  99116251180001021
=005  20130423131717.0
=008  120610s1903\\\\ie\\\\\\\\\\\\100\1\gle\d
=035  \\$a(Aleph)001698762BCL01
=035  \\$a(OCoLC)ocm06493972
=040  \\$aMNT$cMNT$dBXM
=041  0\$agleeng
=049  \\$aBXMM
=090  \\$aPB1399.O7769$bB83 1903
=100  1\$aÓ Séaghdha, Pádraig,$d1855-1928.
=245  13$aAn buaiceas :$beiṫre sgéalta rug craoḃ an Oireaċtais leó 'sa ḃliaḋain 1898 /$cPádraig Ó Séaġḋa ("Conán Maol") do sgríoḃ ; Seósaṁ Laoide do ċuir i n-eagar.
=246  14$aAn buaiceas : ceiṫre sgéalta rug craoḃ an Oireaċtais leó 'sa ḃliaḋain 1898
=246  30$aCeiṫre sgéalta rug craoḃ an Oireaċtais leó 'sa ḃliaḋain 1898
=260  \\$aI mBaile Áṫa Cliaṫ :$bar n-a gcur amaċ do Ċonnraḋ na Gaeḋilge,$c1903.
=300  \\$a162 p. ;$c19 cm.
=440  \0$aSgéalta nua-ḋéanta ;$v4
=490  1\$aSgéalta nua-ḋéanta ;$v4
=505  20$tBean an leasa --$tMíol mara do leag cíos --$tEachtra Risteáird --$tSeaghán & Mícheál.
=700  1\$aLaoide, Seosamh,$dd. 193.
=710  2\$aGaelic League (Dublin, Ireland)
=830  \0$aSgéalta nua-dhéanta ;$v4.
=901  \\$aDigitized$bBCL$pEntire work$sBC20130317
=948  \\$aLTI 05/06/2002
=950  \\$aOL
=994  \\$aE0$bBXM

