=LDR  00895nam a2200265Ia 4500
=001  99116244970001021
=005  20130327173328.0
=008  120610s1920\\\\ii\\\\\\\\\\\\000\0\gle\d
=035  \\$a(Aleph)001698865BCL01
=035  \\$a(OCoLC)ocm40975703
=040  \\$aBRL$cBRL
=049  \\$aBXMM
=090  \\$aPB1383$b.S34 1920
=245  00$aScéaluiḋe Éireann :$bwith complete vocabulary /$c"An Connaċtaċ Céasta," do ċuir i n-eagar.
=246  3\$aScéaluidhe Éireann
=260  \\$aI mBaile Áṫa Cliaṫ :$bM.H. Mac Ġuill & aMac,$c1920.
=300  \\$a71 p. ;$c19 cm.
=500  \\$aFolk-tales from "the three provinces in which Irish still survives." cf. p.[4]
=650  \0$aIrish language$vReaders.
=650  \0$aTales$zIreland.
=700  1\$aUa Ceallaigh, Sean,$d1872-1957.
=901  \\$aDigitized$bBCL$pEntire work$sBC20130317
=948  \\$aLTI 05/06/2002
=950  \\$aOL
=994  \\$aE0$bBXM

