=LDR  00848nam a2200301Ka 4500
=001  99119037710001021
=005  20130327180904.0
=008  120610s1919\\\\ie\\\\\\\\\\\\000\0\gle\d
=035  \\$a(Aleph)001703143BCL01
=035  \\$a(OCoLC)ocm49701842
=040  \\$aBXM$cBXM
=041  0\$agleeng
=049  \\$aBXMM
=090  \\$aPB1225$b.T28 1919
=245  00$aTaiḋḃse an chrainn.
=246  3\$aTaidhbhse an chrainn
=250  \\$a14th ed.
=260  \\$aDublin :$bPrinted by J. Falconer,$c1919.
=300  \\$a20 p.$c19 cm.
=440  \0$aEasy Irish texts ;$v1
=500  \\$a"With complete vocabulary."
=546  \\$aText in Irish; glossary in Irish and English
=650  \0$aIrish language$vReaders.
=901  \\$aDigitized$bBCL$pEntire work$sBC20130317
=948  \\$aLTI 05/13/2002
=948  \\$aLTI 05/20/2002
=950  \\$aOL
=994  \\$aX0$bBXM

