=LDR  00713nam a2200241 a 4500
=001  99122021630001021
=005  20130327153419.0
=008  120610s1902\\\\xx\\\\\\\\\\\\000\0\gle\d
=035  \\$a(Aleph)001689140BCL01
=035  \\$a(OCoLC)ocm15674567
=040  \\$aVYS$cVYS$dBXM
=049  \\$aBXMM
=090  \\$aPB1225$b.C75
=110  2\$aConnradh na Gaedhilge.
=245  13$aAn céad léightheóir Gaedhilge.
=260  \\$aBaile Átha Cliath :$bConnradh na Gaedhilge,$c1902.
=300  \\$a64 p. :$bill. ;$c17 cm.
=650  \0$aIrish language$xStudy and teaching.
=650  \0$aIrish language$vTextbooks.
=901  \\$aDigitized$bBCL$pEntire work$sBC20130317
=948  \\$aLTI 03/06/2002
=950  \\$aOL
=994  \\$aC0$bBXM

