=LDR  00915nam a2200277Ia 4500
=001  99116251610001021
=005  20130327171928.0
=008  120610s1905\\\\ie\af\\\\\\\\\000\0\gle\d
=035  \\$a(Aleph)001698753BCL01
=035  \\$a(OCoLC)ocm18886648
=040  \\$aEIS$cEIS
=043  \\$ae-ie---
=049  \\$aBXMM
=090  \\$aPB1225$b.O643 1905
=092  \\$a941.5$bLY$fONE
=100  10$aÓ Neachtain, Eoghan.
=245  10$aStair-ċeaċta.$nleaḃar a haon :$bsgéalta gearra ar neiṫiḃ & ar ḋaoiniḃ i seanċas na hÉireann /$cdo sgríoḃ Eoġan Ó Neaċtain.
=246  3\$aStair-cheachta
=260  \\$aBaile Áṫa Cliaṫ :$bConnraḋ na Gaeḋilge,$c1905.
=300  \\$a92 p., [4] leaves of plates :$bill. ;$c19 cm.
=650  \0$aIrish language$vReaders.
=651  \0$aIreland$xHistory.
=901  \\$aDigitized$bBCL$pEntire work$sBC20130317
=948  \\$aLTI 05/06/2002
=950  \\$aOL
=994  \\$aE0$bBXM

