=LDR  00988nam a2200301Ii 4500
=001  99106350490001021
=005  20130416131336.0
=008  120610s1899\\\\ie\\\\\\\\\\\\000\pdgle\d
=035  \\$a(Aleph)001702114BCL01
=035  \\$a(OCoLC)ocm06313975
=040  \\$aMNT$cMNT
=041  0\$agleeng
=049  \\$aBXMM
=090  \\$aPB1398.D46$bA65 1899
=100  1\$aDenn, Patrick,$d1756-1828.
=245  10$aAighneas an pheacaig leis an m-bas :$bcommonly known as Eachtra an bháis /$cedited with introduction and vocabulary [by P. Power]
=246  30$aEachtra an bháis
=260  \\$aWaterford :$bHarvey,$c1899.
=300  \\$a24 p. ;$c19 cm.
=546  \\$aReligious poem in Irish with explanatory material in English.
=650  \0$aIrish poetry.
=700  1\$aO Suilleabhain, Tadhg Gaelach,$d1715-1795$esupposed author.
=700  1\$aPower, P.
=901  \\$aDigitized$bBCL$pEntire work$sBC20130317
=948  \\$aLTI 05/13/2002
=948  \\$aLTI 05/20/2002
=950  \\$aOL
=994  \\$aE0$bBXM

