=LDR  00942nam a2200289Ia 4500
=001  99106350440001021
=005  20130328123719.0
=008  120610s1903\\\\ie\\\\\\\\\\\\000\0\gle\d
=035  \\$a(Aleph)001702119BCL01
=035  \\$a(OCoLC)ocm21492254
=040  \\$aEIS$cEIS$dBXM
=041  0\$agleeng
=049  \\$aBXMM
=090  \\$aPB1227$b.O255 1903
=092  \\$a891.6208$fCELE/6
=100  1\$aÓ Conceanainn, Tomás Bán,$d1870-1961.
=245  10$aMion-ċoṁráḋ :$bleaḃar cainte Gaeḋilge-Béarla /$cTomás Ua Conċeanainn.
=246  3\$aMion-chomhrádh
=246  30$aLeaḃar cainte Gaeḋilge-Béarla
=246  3\$aLeabhar cainta Gaedhilge-Béarla
=260  \\$aBaile Áṫa Cliaṫ :$bConnraḋ na Gaeḋilge,$c1903.
=300  \\$ax, 161 p. ;$c18 cm.
=650  \0$aIrish language$vConversation and phrase books.
=901  \\$aDigitized$bBCL$pEntire work$sBC20130317
=948  \\$aLTI 05/06/2002
=950  \\$aOL
=994  \\$aE0$bBXM

