=LDR  01256cam a2200361 a 4500
=001  99108501930001021
=004  OAD0095
=005  20130412161602.0
=008  120610m18801881ie\\\\\\\\\\\\000\1\gle\d
=035  \\$a(Aleph)001319064BCL01
=035  \\$a(OCoLC)ocm20803440
=035  9\$aOAD0095
=040  \\$aEIS$cEIS$dBXM
=041  1\$agleeng$hgle
=049  \\$aBXMM
=090  \\$aPB1397$b.T752 1880
=092  \\$a891.6282$fTOR
=130  0\$aTóruigheacht Dhiarmada agus Ghráinne.
=245  10$aTóruiġeaċt Ḋiarmuda agus Ġráinne =$bThe pursuit of Diarmuid and Grainne.
=246  3\$aPursuit of Diarmuid and Grainne
=246  3\$aTóruigheacht Dhiarmuda agus Ghráinne
=260  \\$aDublin :$bM. H. Gill,$c1880-1881.
=300  \\$a2 v. ;$c17 cm.
=500  \\$aText in Irish with English translation, introduction, and notes.
=500  \\$a"Published for the Society for the Preservation of the Irish Language."
=500  \\$aPt. 2 introduction signed "S. H. O'G.," Standish Hayes O'Grady.
=600  00$aFinn MacCumhaill,$d3rd cent.
=650  \0$aEpic literature, Irish.
=700  1\$aO'Grady, Standish Hayes,$d1832-1915.
=901  \\$aDigitized$bBCL$pPartial work$vpt.2$sBC20130317
=948  \\$aLTI 08/08/2000
=949  \\$aBXMM
=950  \\$aOL

