=LDR  00847cam a2200265Ii 4500
=001  99110813800001021
=005  20130327120550.0
=008  120610s1905\\\\ie\\\\\\\\\\\\000\0\eng\d
=035  \\$a(Aleph)001688856BCL01
=035  \\$a(OCoLC)ocm06314081
=040  \\$aMNT$cMNT$dOCLCQ
=041  0\$aenggle
=049  \\$aBXMM
=090  \\$aPB1223$b.O88 1905
=245  00$aOutlines of Irish grammar :$bfor the use of schools and Gaelic League classes /$ccompiled for the Limerick Branch of the Gaelic League.
=260  \\$aDublin :$bM.H. Gill,$c1905.
=300  \\$a36 p. ;$c18 cm.
=505  2\$aPt. 1. Accidence.
=546  \\$aText in English and Irish.
=650  \0$aIrish language$xGrammar.
=710  2\$aGaelic League (Limerick, Ireland)
=901  \\$aDigitized$bBCL$pEntire work$sBC20130317
=948  \\$aLTI 03/06/2002
=950  \\$aOL
=994  \\$aE0$bBXM

