=LDR  00945nam a2200265 a 4500
=001  99108498680001021
=004  OAD0157
=005  20130416173020.0
=008  120610s1901\\\\ie\\\\\\\\\\\\000\1\iri\d
=035  \\$a(Aleph)001319126BCL01
=035  \\$a(OCoLC)ocm20937158
=035  9\$aOAD0157
=040  \\$aEIS$cEIS$dBXM
=049  \\$aBXMM
=090  \\$aPB1399.D5$bC8
=092  \\$a891.6208$fCEK/10
=100  1\$aDinneen, Patrick S.$q(Patrick Stephen),$d1860-1934.
=245  10$aCormac Ua Conaill :$bsgéal ḃaineas le h-Éirġe amaċ agus díṫ-ċeannaḋ Iarla na Deasṁuṁan (A.D. 1579-1583) /$cleis an Aṫair Pádraig Ua Duinnín.
=260  \\$aBaile Áṫa Cliaṫ :$bConnraḋ na Gaeḋilge,$c1901.
=300  \\$a90 p. ;$c18 cm.
=500  \\$aIncludes word index.
=600  10$aDesmond, Gerald Fitzgerald,$c15th earl of,$dca. 1538-1583$vFiction.
=901  \\$aDigitized$bBCL$pEntire work$sBC20130317
=948  \\$aLTI 08/08/2000
=950  \\$aOL

