=LDR  01215cam a2200337   4500
=001  99113057060001021
=004  ACY5017
=005  20130325165922.0
=008  120610s1857\\\\enk\\\\\\\\\\\000\0\eng\\
=010  \\$a26019416
=035  \\$a(Aleph)000482419BCL01
=035  \\$a(OCoLC)ocm00786158
=035  \\$a(GRSN)00512648 89
=035  \\$a(GRSN)00512648
=035  9\$aACY5017
=040  \\$aDLC$cCIN$dOCL$dSER$dBXM
=049  \\$aBXMM$c2
=050  0\$aPB1013$b.P7 1857
=090  \\$aPB1013$b.P7
=099  \9$aPB1013.P7
=100  1\$aPrichard, James Cowles,$d1786-1848.
=245  14$aThe eastern origin of the Celtic nations proved by a comparison of their dialects with the Sanskrit, Greek, Latin, and Teutonic languages:$bforming a supplement to researches into the physical history of mankind.$cBy James Cowles Prichard ... Edited by R.G. Latham ...
=260  \\$aLondon,$bHoulston and Wright [etc.]$c1857.
=300  \\$axix, 387 p. :$bill. ;$c23 cm.
=650  \0$aCelts.
=650  \0$aCeltic languages$xGrammar, Comparative.
=700  1\$aLatham, R. G.$q(Robert Gordon),$d1812-1888$eed.
=901  \\$aDigitized$bBCL$pEntire$sBC20130317
=948  \\$aLTI 08/08/2000
=950  \\$aOL
=966  \\$lONEILL$mMONO {dollar}c2

