=LDR  00969nam a2200253Ma 4500
=001  99110808900001021
=005  20130326140752.0
=008  120610s1899\\\\ie\\\\\\\b\\\\000\0\gle\d
=035  \\$a(Aleph)001688962BCL01
=035  \\$a(OCoLC)ocm33854118
=040  \\$aCUY$cCUY
=049  \\$aBXMM
=050  \4$aPB1214$b.R87 1899
=100  1\$aRussell, T. O.$q(Thomas O'Neill),$d1828-1908.
=240  10$aTeanga thíoramhuil na h-Eireann
=245  10$aTeanga thíoraṁuil na h-Eireann :$bin a gCuirṫear a gCéill sandaċd agus mórḋaċd na Gaeḋilge ; maille re sgriḃinniḃ gaeḋilge fear deaġ-aiṫniġṫe nar foillsiṫeaḋ riaṁ roiṁe /$cle T.O. Ruiséal.
=260  \\$aAṫ-Cliaṫ :$bSealiġ, Bryars, & Walcér,$c1899.
=300  \\$axii, 99 p. ;$c18 cm.
=504  \\$aIncludes bibliographical references.
=650  \0$aIrish language$xHistory.
=901  \\$aDigitized$bBCL$pEntire work$sBC20130317
=948  \\$aLTI 03/06/2002
=950  \\$aOL
=994  \\$aE0$bBXM

