=LDR  01513aam a2200337 1 4500
=001  9999964180001021
=004  ABA6129
=005  20130430150134.0
=008  120610m19051906enk\\\\\\\\\\\000\0\eng\\
=010  \\$a06025177
=035  \\$a(Aleph)000177480BCL01
=035  \\$a(OCoLC)ocm00698098
=035  \\$a(GRSN)00192894 89
=035  \\$a(GRSN)00192894
=035  9\$aABA6129
=040  \\$cTEU$dBXM
=050  \\$aPB1421$b.L4
=099  \\$aPB1421.L4
=100  1\$aLeahy, Arthur Herbert,$d1857-1928.
=245  10$aHeroic romances of Ireland;$ctr. into English prose and verse, with preface, special introductions and notes by A. H. Leahy.
=260  \\$aLondon,$bD. Nutt,$c1905-06.
=300  \\$a2 v.$c22 cm.
=490  0\$aIrish saga library, no. 2
=505  0\$aThe courtship of Etain. MacDatho's boar. The sickbed of Cuchulain. The exile of the sons of Usnach. The combat at the ford. Special note on The combat at the ford. General notes.--v. 2. The preludes to The raid of Cualgne: Tain bo Fraich. The raid for Dartaid's cattle. The raid for the cattle of Regamon. The driving of the cattle of Flidais. The apparition of the great queen to Cuchulain. Appendix: Irish text and literal translation of part of The courtship of Etain.
=650  \0$aEpic literature, Irish.
=901  \\$aDigitized$bBCL$pPartial work$vv.2$sBC20130317
=948  \\$aLTI 08/08/2000
=950  \\$aOL
=966  \\$c2 sets$lONEILL$mMONO$b39031011923935
=966  \\$lONEILL$mMONO$b39031011923968
=966  \\$lONEILL$mMONO$b39031011923943

