=LDR  00933nam a2200289Ka 4500
=001  99114079600001021
=005  20130423122148.0
=008  120610s19uu\\\\ie\a\\\j\\\\\\000\d\gle\d
=035  \\$a(Aleph)001701133BCL01
=035  \\$a(OCoLC)ocm49622302
=040  \\$aBXM$cBXM
=049  \\$aBXMM
=090  \\$aPB1399.O448$bL83 1900z
=100  1\$aÓ hAodha, Séamus.
=245  13$aAn luċ tuaiṫe :$bdráma grinn /$cSéamus Ó hAoḋa do ḋein.
=246  3\$aLuch tuaithe
=260  \\$a45 p :$bill. ;$c19 cm.
=300  \\$aBaile Áṫa Cliaṫ :$bCoṁluċt oideaċais na nÉireann,$c[19--?]
=490  1\$aSreaṫ drámai i nGaeḋilg don aos óg ;$v18
=500  \\$a"Drámaí scol"--Cover.
=650  \0$aIrish drama.
=650  \0$aYoung adult drama, Irish.
=830  \0$aSreath drámaí i nGaeilge don aos óg ;$v18.
=901  \\$aDigitized$bBCL$pEntire work$sBC20130317
=948  \\$aLTI 05/06/2002
=950  \\$aOL
=994  \\$aE0$bBXM

