=LDR  00793nam a2200277 a 4500
=001  99108495900001021
=004  OAD0203
=005  20130423115739.0
=008  120610s1918\\\\ie\\\\\\\\\\\\000\p\gle\d
=035  \\$a(Aleph)001319172BCL01
=035  \\$a(OCoLC)ocm21577709
=035  9\$aOAD0203
=040  \\$aEIS$cEIS$dBXM
=049  \\$aBXMM
=090  \\$aPB1399.O4467$bC35 1918
=092  \\$a891.6284$bLY$fOHA
=100  1\$aÓ hAnnracháin, Peadar,$d1879-
=245  13$aAn ċaise ġarḃ :$cdánta a scríoḃaḋ le Peadar Ó h-Annraċáin.
=246  3\$aChaise gharbh
=260  \\$aAṫ Cliaṫ :$bCló na gCoinneal,$c1918.
=300  \\$a37 p. ;$c19cm.
=500  \\$aPoems in Irish.
=901  \\$aDigitized$bBCL$pEntire work$sBC20130317
=948  \\$aLTI 08/08/2000
=949  \\$aBXMM
=950  \\$aOL

