=LDR  00735nam a2200229   4500
=001  99105863190001021
=004  AFG9579
=005  20130328143700.0
=008  120610s1909\\\\ie\\\\\\\\\\\\000\0\eng\d
=035  \\$a(Aleph)000866907BCL01
=035  \\$a(OCoLC)ocm27779266
=035  9\$aAFG9579
=040  \\$aBUQ$cBUQ$dGZM
=090  \\$aPB1281$b.M4
=100  1\$aMeyer, Kuno,$d1858-1919.
=245  12$aA primer of Irish metrics.$bWith a glossary and an appendix containing an alphabetical list of the poets of Ireland.
=260  \\$aDublin:$bSchool of Irish Learning,$c1909.
=300  \\$avii, 63 p. ;$c21 cm.
=650  \0$aIrish language$xVersification.
=901  \\$aDigitized$bBCL$pEntire work$sBC20130317
=948  \\$aLTI 08/08/2000
=950  \\$aOL

