=LDR  00966nam a2200277Ii 4500
=001  99110794730001021
=005  20130423132224.0
=008  120610m19051907ie\\\\\\\\\\\\000\1\gle\d
=035  \\$a(Aleph)001688840BCL01
=035  \\$a(OCoLC)ocm06902169
=040  \\$aMNT$cMNT
=041  0\$agleeng
=049  \\$aBXMM
=090  \\$aPB1399.O777$bA5
=100  1\$aÓ Séaghdha, Pádraig,$d1864-1955.
=240  10$aAnnála na tuatha
=245  10$aAnnála na tuaṫa /$c"Gruagaċ an Tobair" do sgríoḃ.
=260  \\$aI mBaile Áṫa Cliaṫ :$bdo Ċonnraḋ na Gaeḋilge,$c1905-1907.
=300  \\$a3 v. ;$c17 cm.
=440  \0$aSgéalta nua-ḋéanta ;$v9, 10, 11
=505  0\$av. 1. Ba duḃa Loċa na hEornan. An bob. -- v. 2. An tórraṁ. -- v. 3. An tromluiġe. Gaḃair an tobac. An spioraid.
=830  \0$aSgéalta nua-dhéanta ;$v9, 10, 11.
=901  \\$aDigitized$bBCL$pPartial work$vcuid 2$sBC20130317
=948  \\$aLTI 03/06/2002
=950  \\$aOL
=994  \\$aE0$bBXM

