=LDR  00977nam a2200325 a 4500
=001  9999790740001021
=004  AFG4234
=005  20130327124959.0
=008  120610s1904\\\\ie\\\\\\\\\\\\000\1\gle\d
=035  \\$a(Aleph)000861562BCL01
=035  \\$a(OCoLC)ocm21471685
=035  9\$aAFG4234
=040  \\$aEIS$cEIS
=041  0\$airieng
=049  \\$aBXMM
=082  04$a891.6208$bCELE/1
=090  \\$aPB1225$b.B35 1904
=100  1\$aÓ Dubhghaill, Séamus,$d1855-1929.
=245  10$aPrátaí Ṁíċíl Ṫaiḋg /$có Ṡéamus Ua Duḃġaill.
=246  3\$aPratai Michil Thaidhg
=260  \\$aDublin :$bFallon & Co.,$c1904.
=300  \\$a19 p. ;$c18 cm.
=500  \\$a"An Claiḋeaṁ Soluis", Aiḃreán 9 -- Bealtaine 7,1904"--t.p.
=500  \\$aIncludes vocabulary.
=500  \\$aOn cover: 1905
=650  \0$aIrish language$vReaders.
=740  0\$aPrátaí Mhíchil Thaidhg.
=901  \\$aDigitized$bBCL$pEntire work$sBC20130317
=948  \\$aLTI 08/08/2000
=950  \\$aOL

