=LDR  01049nam a2200325 i 4500
=001  99108797030001021
=004  ADB4783
=005  20130416154919.0
=008  120610s1900\\\\ie\\\\\\\\\\\\001\0diri\d
=035  \\$a(Aleph)000502087BCL01
=035  \\$a(OCoLC)ocm06366668
=035  \\$a(GRSN)00532441 89
=035  \\$a(GRSN)00532441
=035  9\$aADB4783
=040  \\$aMNT$cMNT$dm/c$dBXM
=041  0\$airieng
=049  \\$aBXMM
=090  \\$aPB1398.K2
=099  \9$aPB1398.K2
=100  1\$aKeating, Geoffrey,$d1570?-1644?.
=245  10$aDánta aṁráin, is caointe Ṡeaṫrúin Céitinn :$bdoċtúir diaḋaċta 1570-1650 A.D.) /$ciar n-a gcruinniuġaḋ & iar n-a gcur i gcloḋ don ċéad uair ag Eoin Caṫṁaolaċ Mac Giolla Eáin.
=260  \\$aBaile Áṫa Cliaṫ :$bConnraḋ na Gaeḋilge,$c1900.
=300  \\$a224 p. ;$c19 cm.
=500  \\$aPoems.
=500  \\$aIncludes indexes.
=700  1\$aMac Erlean, John.
=901  \\$aDigitized$bBCL$pEntire work$sBC20130317
=948  \\$aLTI 08/08/2000
=950  \\$aOL
=966  \\$lONEILL$mMONO

