=LDR  00787cam a2200265 i 4500
=001  99108501820001021
=004  OAD0098
=005  20130416123802.0
=008  120610s1908\\\\enk\\\\\\\\\\\000\0\eng\d
=035  \\$a(Aleph)001319067BCL01
=035  \\$a(OCoLC)ocm03490481
=035  9\$aOAD0098
=040  \\$aIQU$cIQU$dBXM
=041  0\$airieng
=049  \\$aBXMM
=090  \\$aPB1397.T3$bS81
=130  0\$aTáin bó Cúailnge.
=245  10$aStories from the Táin /$cedited, with vocabulary by John Strachan.
=260  \\$aDublin :$bSchool of Irish Learning ;$aLondon :$bD. Nutt,$c1908.
=300  \\$avi, 125 p. :$bfront. (port.) ;$c18 cm.
=700  1\$aStrachan, John,$d1862-1907.
=901  \\$aDigitized$bBCL$pEntire work$sBC20130317
=948  \\$aLTI 08/08/2000
=949  \\$aBXMM
=950  \\$aOL

