=LDR  00807nam a22002535  4500
=001  99106317740001021
=004  AER7579
=005  20130412105559.0
=008  120610s1908\\\\enk\\\\\\\\\\\000\0\eng\d
=035  \\$a(Aleph)000714948BCL01
=035  \\$a(OCoLC)ocm11669317
=035  9\$aAER7579
=040  \\$aEWF$cEWF
=049  \\$aBXMM
=090  \\$aPB1347$b.I7 vol.10
=100  1\$aMacalister, Robert Alexander Stewart,$d1870-1950.
=245  14$aThe story of the crop-eared dog;$bthe story of Eagle-boy.
=260  \\$aLondon,$bFor the Irish texts society by D. Nutt,$c1908.
=300  \\$a207 p.$c23 cm.
=440  \0$aIrish Texts Society (Series) ;$vvol. 10
=600  10$aMacalister, Robert Alexander Stewart,$d1870-1950.
=901  \\$aDigitized$bBCL$pEntire work$sBC20130317
=948  \\$aLTI 08/08/2000
=950  \\$aOL

