=LDR  00724nam a2200241Ii 4500
=001  99108525000001021
=005  20130327170743.0
=008  120610s1920\\\\ie\\\\\\\\\\\\000\0\gle\d
=035  \\$a(Aleph)001692314BCL01
=035  \\$a(OCoLC)ocm07907107
=040  \\$aMNT$cMNT
=049  \\$aBXMM
=090  \\$aPB1225$b.O635 1920
=100  1\$aÓ Máille, Tomás,$d1880-1938.
=245  14$aAn ġaoṫ aniar /$cTomás Ó Máille do sgríoḃ.
=246  3\$aGhaoth aniar
=260  \\$aBaile Áṫa Cliaṫ :$bCoṁluċt Oideaċais na hÉireann,$c1920.
=300  \\$a174 p. ;$c18 cm.
=650  \0$aIrish language$vReaders.
=901  \\$aDigitized$bBCL$pEntire work$sBC20130317
=948  \\$aLTI 04/03/2002
=950  \\$aOL
=994  \\$aE0$bBXM

