=LDR  01516cam a2200349   4500
=001  9999289810001021
=004  ACJ6592
=005  20130412152528.0
=008  120610s1871\\\\ie\\\\\\\\\\\\000\0\eng\\
=010  \\$a16023933
=035  \\$a(Aleph)000397950BCL01
=035  \\$a(OCoLC)ocm04406282
=035  \\$a(GRSN)00427896
=035  9\$aACJ6592
=040  \\$aDLC$cCLE$dBXM
=041  0\$aengiri
=049  \\$aBXMM
=050  0\$aPB1397$b.A5 1871
=099  \9$aPB1397.A5 1871
=130  0\$aAmra Choluimb Chille.
=245  14$aThe Amra Choluim Chilli of Dallan Forgaill:$bnow printed for the first time from the original Irish in Lebor na hUidre, a ms. in the library of the Royal Irish Academy; with a literal translation and notes, a grammatical analysis of the text, and copious indexes.$cBy J. O'Beirne Crowe.
=260  \\$aDublin,$bMcGlashan and Gill,$c1871.
=300  \\$avii, 76 p.$c25 cm.
=500  \\$aIrish text and English translation on facing pages; introd. in English.
=500  \\$aCommonly attributed to Dallan Forgaill, a contemporary of St. Columba, but probably written in the ninth centry. cf. Whitley Stokes, Revue celtique, vol. xx, p. 32.
=500  \\$aPt. I only. Pt II, which was to contain notes, a grammatical analysis of the text, and indexes, not published.
=600  00$aColumba,$cSaint,$d521-597.
=700  0\$aDallan Forgaill,$cSaint,$d6th cent.
=700  1\$aCrowe, John O'Beirne,$eed.
=901  \\$aDigitized$bBCL$pEntire work$sBC20130317
=948  \\$aLTI 08/08/2000
=950  \\$aOL

