=LDR  00796nam a2200277Ia 4500
=001  99109576490001021
=005  20130326150857.0
=008  120610s1910\\\\ie\\\\\\\\\\\\000\0\gle\d
=035  \\$a(Aleph)001659283BCL01
=035  \\$a(OCoLC)ocm32584947
=040  \\$aCUY$cCUY
=041  0\$agleeng
=049  \\$aBXMM
=090  \\$aPB1223$b.C47 1910
=110  2\$aChristian Brothers.
=245  10$aAids to Irish composition /$cby the Christian Brothers.
=250  \\$a5th ed.
=260  \\$aDublin :$bM.H. Gill,$c1910.
=300  \\$a164 p. ;$c19 cm.
=546  \\$aText in Irish and English.
=650  \0$aIrish language$xComposition and exercises.
=650  \0$aIrish language$xGrammar.
=901  \\$aDigitized$bBCL$pEntire work$sBC20130317
=948  \\$aLTI 03/06/2002
=950  \\$aOL
=994  \\$aE0$bBXM

