=LDR  00984nam a2200301 a 4500
=001  99108511500001021
=004  OAD0279
=005  20130430163855.0
=008  120610s1888\\\\ie\\\\\\\\\\\\000\1\eng\d
=035  \\$a(Aleph)001319248BCL01
=035  \\$a(OCoLC)ocm19976472
=035  9\$aOAD0279
=040  \\$aEIS$cEIS$dBXM
=041  1\$aengiri$hiri
=049  \\$aBXMM
=090  \\$aPB1423.C55$bS6
=092  \\$a891.6282$fTUI
=245  00$aOiḋe Ċloinne Tuireann =$bThe fate of the Children of Tuireann /$cedited for the Society for the Preservation of the Irish Language, with notes, translation, and a complete vocabulary by Richard J. O'Duffy.
=246  3\$aOidhe Chloinne Tuireann
=260  \\$aDublin :$bGill,$c1888.
=300  \\$axx, 249 p. ;$c17 cm.
=700  1\$aO'Duffy, Richard J.
=730  02$aOidheadh Chloinne Tuireann.
=730  0\$aSraith mhiotaseolaíoch.
=901  \\$aDigitized$bBCL$pEntire work$sBC20130317
=948  \\$aLTI 08/08/2000
=949  \\$aBXMM
=950  \\$aOL

