=LDR  00891nam a2200289Ka 4500
=001  99108526570001021
=005  20130327113128.0
=008  120610s1921\\\\ie\\\\\\\\\\\\000\0\gle\d
=035  \\$a(Aleph)001692289BCL01
=035  \\$a(OCoLC)ocm49347236
=040  \\$aBXM$cBXM
=041  0\$agleeng
=049  \\$aBXMM
=090  \\$aPB1223$b.O32 1921
=100  1\$aÓ Cuív, Shán,$d1875-1940.
=245  13$aAn cóṁgar :$bċun na Gaeḋilge d'foġluim /$cShán Ó Cuív, do ċuir le ċéile.
=246  3\$aCómhgar
=250  \\$aNew and rev. ed.
=260  \\$ai mBaile Áṫa Cliaṫ :$bBrún agus Ó Nóláin,$c1921.
=300  \\$a24 p. ;$c18 cm.
=500  \\$aCover title.
=546  \\$aText in Irish with prefatory material in English.
=650  \0$aIrish language$xGrammar.
=901  \\$aDigitized$bBCL$pEntire work$sBC20130317
=948  \\$aLTI 04/03/2002
=950  \\$aOL
=994  \\$aE0$bBXM

