=LDR  01019cam a2200337 i 4500
=001  99108811750001021
=004  ADB4933
=005  20130422152539.0
=008  120610s1904\\\\ie\c\\\\\\\\\\001\0\iri\d
=035  \\$a(Aleph)000502237BCL01
=035  \\$a(OCoLC)ocm06391376
=035  \\$a(GRSN)00532581 89
=035  \\$a(GRSN)00532581
=035  9\$aADB4933
=040  \\$aMNT$cMNT$dm.c.$dMNT$dOCL$dBXM
=041  0\$airieng
=049  \\$aBXMM
=090  \\$aPB1398$b.W18
=099  \9$aPB1398.W18
=100  1\$aDe Bhailís, Colm,$d1796-1906.
=245  10$aAṁráin Ċuilm de Ḃailís.
=246  3\$aAmhráin Chuilm de Bhailís
=260  \\$aI mBaile Áṫa Cliaṫ :$bar n-a ċur amaċ do Connraḋ na Gaeḋilge,$c1904.
=300  \\$axxvii, [3], 52 p. :$bill., port. ;$c22 cm.
=500  \\$aPoems.
=700  1\$aHyde, Douglas,$d1860-1949
=700  1\$aPearse, Padraic,$d1879-1916
=901  \\$aDigitized$bBCL$pEntire work$sBC20130317
=948  \\$aLTI 08/08/2000
=950  \\$aOL
=966  \\$lONEILL$mMONO$b39031017528290

