=LDR  01159nam a2200349   4500
=001  99108796940001021
=004  ADB4786
=005  20130416155520.0
=008  120610s1912\\\\ie\aj\\\\\\\\\000\1dirie\
=010  \\$a12037494
=035  \\$a(Aleph)000502090BCL01
=035  \\$a(OCoLC)ocm05122654
=035  \\$a(GRSN)00532444 89
=035  \\$a(GRSN)00532444
=035  9\$aADB4786
=040  \\$aDLC$cMNT$dm.c.$dBXM
=049  \\$aBXMM
=050  0\$aPB1398$b.M4
=090  \\$aPB1398$b.M5
=099  \9$aPB1398.M5
=100  1\$aMerriman, Brian,$d1747?-1805.
=245  10$aCúirt an ṁeaḋon oiḋċe,$cBryan Merryman cc̄t. Riseárd Ó Foġluḋa .i. Fiaċra Éilgeaċ do ċuir in eagar. Airte ann ó Ṗiaras Béaslaí.
=260  \\$aDublin,$bHodges, Figgis,$c1912.
=300  \\$aix, 185 p. :$bfront. (port.) ;$c22 cm.
=500  \\$aEdited by Richard Foley.
=500  \\$a"Merriman's secret: an interpretation" (p. [1]-19) by Pierce Beasley.
=700  1\$aÓ Foghludha, Risteárd,$d1873-1957
=700  12$aBéarslaí, Piaras,$d1883-
=901  \\$aDigitized$bBCL$pEntire work$sBC20130317
=948  \\$aLTI 08/08/2000
=950  \\$aOL
=966  \\$lONEILL$mMONO

