=LDR  01083nam a2200325M  4500
=001  99108500840001021
=004  OAD0117
=005  20130416170944.0
=008  120610s1902\\\\ie\\\\\\\\\\\\000\0\iri\d
=035  \\$a(Aleph)001319086BCL01
=035  \\$a(OCoLC)ocm17520947
=035  9\$aOAD0117
=040  \\$aEIS$cEIS$dBXM
=041  0\$airi$beng
=049  \\$aBXMM
=082  \\$a891.6283
=090  \\$aPB1398$b.S94
=100  1\$aÓ Súilleabháin, Eoghan Ruadh.
=245  10$aAmhráin Eoghain Ruaidh U ́ıShúilleabháin :$bmaille le beathaidh an fhilidh agus foclóir /$ciar n-a gcruinniughadh agus a gcur i n-eagar leis an Athair Pádraig Ua Duinnńı.
=250  \\$aAn dara heag.
=260  \\$aBaile Átha Cliath :$bConnradh na Gaedhilge,$c1902.
=300  \\$axlviii, 210 p. ;$c18 cm.
=500  \\$aOriginally published: 1901
=500  \\$aIntroduction and notes in English
=504  \\$aIncludes bibliographical references
=700  1\$aUa Duinnńı, Pádraig.
=901  \\$aDigitized$bBCL$pEntire work$sBC20130317
=948  \\$aLTI 08/08/2000
=949  \\$aBXMM
=950  \\$aOL

