=LDR  00766nam a2200265 a 4500
=001  99108502470001021
=004  OAD0079
=005  20130412145735.0
=008  120610s1903\\\\ie\a\\\\\\\\\\000\1\iri\d
=035  \\$a(Aleph)001319048BCL01
=035  \\$a(OCoLC)ocm20504476
=035  9\$aOAD0079
=040  \\$aEIS$cEIS$dBXM
=049  \\$aBXMM
=090  \\$aPB1380$b.H6
=092  \\$a891.623408$fFIN
=100  1\$aÓ hAodha, Tomás.
=245  13$aAn gioblaċán :$bfinnsgéal nuaḋ-ḋéanta /$cTomás Ó hAoḋa do sgríoḃ.
=246  3\$aGioblachán
=260  \\$aBaile Áṫa Cliaṫ :$bConnraḋ na Gaeḋilge,$c1903.
=300  \\$a108 p. :$bill. ;$c18 cm.
=901  \\$aDigitized$bBCL$pEntire work$sBC20130317
=948  \\$aLTI 08/08/2000
=949  \\$aBXMM
=950  \\$aOL

