=LDR  01045cam a2200325Ka 4500
=001  99110808990001021
=005  20130327114659.0
=008  120610s1921\\\\ie\\\\\\\\\\\\000\0\gle\d
=035  \\$a(Aleph)001688961BCL01
=035  \\$a(OCoLC)ocm41898966
=040  \\$aU5D$cU5D$dBXM
=041  0\$agleeng
=049  \\$aBXMM
=090  \\$aPB1223$b.O33 1921
=100  1\$aO'Daly, Richard.
=245  13$aAn cónggar =$bthe short cut : Irish simplified.$npart 1 /$ccompiled by R. O'Daly, O.J. Bergin, and Shán Ó Cuív.
=246  30$aShort cut
=246  30$aIrish simplified
=250  \\$aNew and revised ed.
=260  \\$aDublin :$bBrowne and Nolan, Limited,$c1921.
=300  \\$avi, 42 p. ;$c19 cm.
=546  \\$aText in Irish with explanatory material in English.
=650  \0$aIrish language$xGrammar.
=650  \0$aIrish language$xPhonetics.
=700  1\$aBergin, Osborn,$d1873-1950
=700  1\$aÓ Cuív, Shán,$d1875-1940.
=901  \\$aDigitized$bBCL$pEntire work$sBC20130317
=948  \\$aLTI 03/06/2002
=950  \\$aOL
=994  \\$aE0$bBXM

