=LDR  00894nam a2200301 i 4500
=001  99108811980001021
=004  ADB4926
=005  20130416170201.0
=008  120610s1907\\\\ie\\\\\\\\\\\\000\0\iri\d
=035  \\$a(Aleph)000502230BCL01
=035  \\$a(OCoLC)ocm06885995
=035  \\$a(GRSN)00532574 89
=035  \\$a(GRSN)00532574
=035  9\$aADB4926
=040  \\$aMNT$cMNT$dm.c.$dm/c$dBXM
=049  \\$aBXMM
=090  \\$aPB1398.R13$bH981
=099  \9$aPB1398.R13H981
=100  1\$aRaftery, Anthony,$d1784-1835.
=245  10$aNaoi ndánta leis an Reaċtaḃraċ /$cAn Craoiḃín Aoiḃinn [i.e. D. Hyde] do ċruinniġ.
=260  \\$a[Baile Áṫa Cliaṫ] :$bGill,$c1907.
=300  \\$a58 p. ;$c19 cm.
=500  \\$aPoems.
=700  1\$aHyde, Douglas,$d1860-1949$eed.
=901  \\$aDigitized$bBCL$pEntire work$sBC20130317
=948  \\$aLTI 08/08/2000
=950  \\$aOL
=966  \\$lONEILL$mMONO

