=LDR  01016cam a2200313 a 4500
=001  99107207910001021
=004  OAC9691
=005  20130328114713.0
=008  120610s1904\\\\ie\\\\\\\\\\\\001\0\gle\d
=035  \\$a(Aleph)001318660BCL01
=035  \\$a(OCoLC)ocm06428926
=035  9\$aOAC9691
=040  \\$aMNT$cMNT$dBXM
=049  \\$aBXMM
=090  \\$aPB1225.C5$bB7
=245  00$aBolg an t-soláṫair :$bcnuasaċ sean-rócán /$c"Fínġin na Leaṁna" do ḃailiġ.
=246  3\$aBolg an t-soláthair
=260  \\$aI mBaile Áṫa Cliaṫ :$bar n-a ċur i gcló do Ċonnraḋ na Gaeḋilge,$c1904.
=300  \\$a40 p. ;$c18 cm.
=440  \0$aLeaḃairíní Gaeḋilge le haġaiḋ an tsluaiġ ;$v14
=500  \\$aIncludes word index.
=650  \0$aBallads, Irish.
=650  \0$aSongs, Irish.
=700  1\$aMac Coluim, Fionán,$d1875-,$ecomp.
=773  18$w(Aleph)001919817BCL50$gno. 39031011757309
=901  \\$aDigitized$bBCL$pEntire work$sBC20130317
=948  \\$aLTI 08/08/2000
=949  \\$aBXMM
=950  \\$aOL

