=LDR  01254nam a2200277 i 4500
=001  99101651650001021
=004  AEL6309
=005  20130416171354.0
=008  120610s1913\\\\ie\acfg\\\\\\\000\0dgle\d
=035  \\$a(Aleph)000663679BCL01
=035  \\$a(OCoLC)ocm06999192
=035  9\$aAEL6309
=040  \\$aMNT$cMNT
=049  \\$aBXMM
=090  \\$aPB1399.B67$bS45 1913
=100  1\$aBreathnach, Micheál,$d1881-1908.
=245  10$aSlioċt de sgríoḃinniḃ Ṁíċíl Ḃreaṫnaiġ :$bmaille le n-a ḃeaṫaiḋ /$cTomás Mac Doṁnaill do sgríoḃ.
=246  3\$aSliocht de sgríbhinnibh Mhíchíl Bhreathnaigh
=260  \\$aBaile Áṫa Cliaṫ :$bM.H. Guill agus a Ṁac,$c1913.
=300  \\$axxxviii, 123 p., [4] leaves of plates :$bill., music, ports. ;$c19 cm.
=505  0\$aRéaṁḟocal.--Beaṫa Ṁíċíl Ḃreaṫnaiġ.--Seilg i measg na nAlp.--Lean lorg na laoċra.--An triúr amadán.--An céad lá ar meallaḋ mé ó'n sgoil.--Seilg na meaḋon oiḋċe.--Sgéala ó'n doṁan ṫoir.--Coṁráḋ cois teineaḋ.--Óráideaċt.--Litreaċa.--Filiḋeaċt.
=600  10$aBreathnach, Micheál,$d1881-1908.
=700  12$aMac Domhnaill, Tomás.
=901  \\$aDigitized$bBCL$pEntire work$sBC20130317
=948  \\$aLTI 08/08/2000
=950  \\$aOL

