=LDR  01167nam a2200337 i 4500
=001  99108798490001021
=004  ADB4753
=005  20130412155856.0
=008  120610s1904\\\\ie\g\\\\\\\\\\001\0\iri\d
=035  \\$a(Aleph)000502057BCL01
=035  \\$a(OCoLC)ocm06973552
=035  \\$a(GRSN)00532411 89
=035  \\$a(GRSN)00532411
=035  9\$aADB4753
=040  \\$aMNT$cMNT$dBXM
=041  0\$airieng
=049  \\$aBXMM
=090  \\$aPB1397$b.S39
=099  \9$aPB1397.S39
=100  1\$aÓ hÍr, Micheál.
=245  10$aSeaċrán Ċairn tSiaḋail :$baṁrán ilċeardaiḋeaċta agus seanċas síor-ċuartaiḋeċta /$cMiċeál Ua hÍr do ċuir tús air ; na hUltaiġ i gcoitċinne do ċríoċnuiġ ; Seosaṁ Laoide do ṫárrṫuiġ & do ċuir i n-eagar.
=246  3\$aSeachrán Chairn tSiadhail
=260  \\$aBaile Áṫa Cliaṫ :$bar n-a ċur amaċ do Ċonnraḋ na Gaeḋilge,$c1904.
=300  \\$a156 p. :$bmusic ;$c19 cm.
=500  \\$aIncludes indexes.
=650  \0$aBallads, Irish.
=700  1\$aLaoide, Seosamh,$dd. 1939,$eed.
=901  \\$aDigitized$bBCL$pEntire work$sBC20130317
=948  \\$aLTI 08/08/2000
=950  \\$aOL
=966  \\$lONEILL$mMONO

