=LDR  01185nam a2200337 i 4500
=001  99108812110001021
=004  ADB4921
=005  20130416161235.0
=008  120610s1902\\\\ie\\\\\\\\\\\\001\0\iri\d
=035  \\$a(Aleph)000502225BCL01
=035  \\$a(OCoLC)ocm06464196
=035  \\$a(GRSN)00532569 89
=035  \\$a(GRSN)00532569
=035  9\$aADB4921
=040  \\$aMNT$cMNT$dBXM
=049  \\$aBXMM
=090  \\$aPB1398.O4$bD4
=099  \9$aPB1398.O4D4
=100  1\$aO'Donoghue, Geoffrey,$d1620-ca. 1685.
=245  10$aDánta ṡéafraiḋ Uí Ḋonnċaḋa an ġleanna :$bmaille le beaṫaiḋ an ḟiliḋ is fóclóir /$ciar n-a gcruinniuġaḋ agus a gcur i bpríṁ-eagar leis an Aṫair Pádraig Ua Duinnín.
=246  3\$aDánta shéafraidh Uí Dhonnchadha an ghleanna
=250  \\$a[1st ed.]
=260  \\$aI mBaile Áṫa Cliaṫ :$bar n-a gcur amaċ do Ċonnraḋ na Gaeḋilge,$c1902.
=300  \\$axxi, 54 p. ;$c18 cm.
=500  \\$aPoems.
=500  \\$aIncludes word index.
=700  1\$aDinneen, Patrick S.$q(Patrick Stephen),$d1860-1934$eed.
=901  \\$aDigitized$bBCL$pEntire work$sBC20130317
=948  \\$aLTI 08/08/2000
=950  \\$aOL
=966  \\$lONEILL$mMONO

