=LDR  00882cam a2200277Ia 4500
=001  99108525940001021
=005  20130327120114.0
=008  120610s1920\\\\ie\\\\\\\\\\\\000\0\gle\d
=035  \\$a(Aleph)001692299BCL01
=035  \\$a(OCoLC)ocm27468696
=040  \\$aBUQ$cBUQ$dDCU
=041  0\$agleeng
=049  \\$aBXMM
=090  \\$aPB1223$b.O66 1920
=100  1\$aO'Nolan, Gerald.
=245  12$aA key to the exercises in Studies in modern Irish :$nPart 1 /$cby Gerald O'Nolan.
=260  \\$aDublin :$bEducational Co. of Ireland,$c1920.
=300  \\$a77 p. ;$c19 cm.
=546  \\$aText in Irish with explanatory material in English.
=650  \0$aIrish language$xGrammar.
=650  \0$aIrish language$xComposition and exercises.
=740  0\$aStudies in modern Irish.
=901  \\$aDigitized$bBCL$pEntire work$sBC20130317
=948  \\$aLTI 04/03/2002
=950  \\$aOL
=994  \\$aE0$bBXM

