=LDR  00972aam a2200301 1 4500
=001  9999967590001021
=004  ABA6039
=005  20130430144557.0
=008  120610s1893\\\\xx\\\\\\\\\\\\000\0\eng\d
=035  \\$a(Aleph)000177390BCL01
=035  \\$a(OCoLC)ocm01884871
=035  \\$a(GRSN)00192800 89
=035  \\$a(GRSN)00192800
=035  9\$aABA6039
=040  \\$aOSU$cOSU$dBXM
=090  \\$aPB1421$b.G73
=099  \\$aPB1421.G73
=100  1\$aO'Grady, Standish,$d1846-1928.
=245  14$aThe bog of stars :$band other stories and sketches of Elizabethan Ireland /$cby Standish O'Grady.
=260  \\$aLondon :$bT. Fisher Unwin ;$aDublin :$bSealy, Bryers & Walker ;$bNew York :$bP. J. Kennedy,$c1893.
=300  \\$a179 p. ;$c17 cm.
=490  0\$aThe New Irish Library
=504  \\$aIncludes bibliographical references.
=650  \0$aTales$zIreland.
=901  \\$aDigitized$bBCL$pEntire work$sBC20130317
=948  \\$aLTI 08/08/2000
=950  \\$aOL
=966  \\$lONEILL$mMONO

