=LDR  01499nam a2200373   4500
=001  99107583730001021
=004  AEB7537
=005  20130326135731.0
=008  120610s1892\\\\ie\\\\\\\b\\\\001\0\lat\b
=010  \\$a15014194
=035  \\$a(Aleph)000574929BCL01
=035  \\$a(OCoLC)ocm04102954
=035  9\$aAEB7537
=040  \\$aDLC$cPAU$dm.c.
=041  0\$alateng
=050  \\$aPB1202$b.A2 vol.3
=090  \\$aPB1202.A2$bM32x 1892
=100  1\$aMacCarthy, Bartholomew,$eed.
=245  14$aThe Codex palatino-vaticanus, no. 830 :$b(texts, translations and indices) /$cby B. MacCarthy, D. D.
=260  \\$aDublin :$bAcademy House,$c1892.
=300  \\$a450 p. ;$c22 cm.
=490  1\$aRoyal Irish academy. Todd lecture series ;$vv. 3
=500  \\$aA description of the codex, and of the chronicle of Marianus scotus which it contains, with the passages of Irish interests, "hagiographic, linguistic, and historical", from the chronicle; also illustrative extracts from the Leabhar braec, the Books of Leinster and Ballymote, and the Annals of Tigernach.
=504  \\$aIncludes bibliographical references and indexes.
=650  \0$aIrish language$xVersification.
=700  0\$aMarianus Scotus,$d1028-1082?
=730  0\$aCodex palatino-vaticanus, no. 830.
=730  0\$aLeabhar braec.
=730  0\$aBook of Leinster.
=730  0\$aLeabhar Bhaile an Mhuta.
=830  \0$aTodd lecture series$vv. 3..
=901  \\$aDigitized$bBCL$pEntire work$sBC20130317
=948  \\$aLTI 08/08/2000
=950  \\$aOL

