=LDR  00923nam a2200313 i 4500
=001  99114373390001021
=004  ACT3805
=005  20130430155130.0
=008  120610s1902\\\\ie\\\\\\\\\\\\000\0\iri\d
=035  \\$a(Aleph)000459696BCL01
=035  \\$a(OCoLC)ocm06326823
=035  \\$a(GRSN)00492179 89
=035  \\$a(GRSN)00492179
=035  9\$aACT3805
=040  \\$aMNT$cMNT$dBXM
=041  0\$airieng
=049  \\$aBXMM
=090  \\$aPB1423.C5$bC7
=099  \9$aPB1423.C5C7
=130  0\$aAided chlainne Tuirenn.
=245  10$aClann Tuireann :$bbeing a modern version of the "Fate of the children of Tuireann" /$cby J. P. Craig.
=260  \\$aDublin :$bSealy, Bryers, and Walker,$c1902.
=300  \\$a91 p. ;$c19 cm.
=440  \0$aModern Irish texts ;$v2
=700  1\$aCraig, J. P.$q(James Patrick)
=901  \\$aDigitized$bBCL$pEntire work$sBC20130317
=948  \\$aLTI 08/08/2000
=950  \\$aOL
=966  \\$lONEILL$mMONO

