=LDR  01024nam a2200301Ii 4500
=001  99110813630001021
=005  20130327154643.0
=008  120610s1907\\\\ie\\\\\\\\\\\\000\0\gle\d
=035  \\$a(Aleph)001688859BCL01
=035  \\$a(OCoLC)ocm06705839
=040  \\$aMNT$cMNT
=041  0\$agleeng
=049  \\$aBXMM
=090  \\$aPB1225$b.C88 1907
=100  0\$aCú Uladh,$d1856-1942.
=240  10$aLéightheoir Gaedhealach
=245  13$aAn léiġṫeoir Gaeḋealaċ /$cPeadar Mac Ḟionnlaoiċ agus Eoin Mac Néill agus Seosaṁ Laoide do ċuir le céile.
=260  \\$aI mBaile Áṫa Cliaṫ :$bar n-a ċur amaċ do Ċonnraḋ na Gaeḋilge,$c1907.
=300  \\$aii, ii, 150 p. ;$c19 cm.
=500  \\$aIncludes indexes.
=546  \\$aText in Irish; glossaries in Irish and English.
=650  \0$aIrish language$vReaders.
=700  1\$aMac Neill, Eoin,$d1867-1945
=700  1\$aLaoide, Seosamh,$dd. 1939.
=901  \\$aDigitized$bBCL$pEntire work$sBC20130317
=948  \\$aLTI 03/06/2002
=950  \\$aOL
=994  \\$aE0$bBXM

