=LDR  01012aam a2200313 1 4500
=001  99113934590001021
=004  ABC2870
=005  20130326113919.0
=008  120610s1896\\\\stk\\\\\\\\\\\000\0\eng\\
=010  \\$a12039863
=035  \\$a(Aleph)000185162BCL01
=035  \\$a(OCoLC)ocm02835292
=035  \\$a(GRSN)00201045 89
=035  \\$a(GRSN)00201045
=035  9\$aABC2870
=040  \\$aDLC$cOHI$dBXM
=050  0\$aPB1100$b.S6
=099  \\$aPB1100.S6
=100  1\$aSharp, Elizabeth A.$q(Elizabeth Amelia),$d1856-1932$eed.
=245  10$aLyra Celtica;$ban anthology of representative Celtic poetry,$ced. by Elizabeth A. Sharp, with introduction and notes by William Sharp.
=260  \\$aEdinburgh,$bP. Geddes and colleagues,$c1896.
=300  \\$ali, 422 p. ;$c20 cm.
=490  0\$aThe Celtic library
=650  \0$aCeltic poetry.
=700  1\$aSharp, William,$d1855-1905.
=901  \\$aDigitized$bBCL$pEntire work$sBC20130317
=948  \\$aLTI 08/08/2000
=950  \\$aOL
=966  \\$c2$lONEILL$m.$b39031010982304

