=LDR  02827nam a2200397   4500
=001  9999975880001021
=004  AEB7693
=005  20130412154942.0
=008  120610s1917\\\\xx\\\\\\\\\\\\000\0\iri\\
=010  \\$a17021291
=035  \\$a(Aleph)000575085BCL01
=035  \\$a(OCoLC)ocm04459225
=035  9\$aAEB7693
=040  \\$aDLC$cCLE$dOCL
=050  \\$aPB1397$b.A8 1917
=130  0\$aAuraicept na n-éces.
=245  10$aAuraicept na n-éces:$bthe scholars' primer; being the texts of the Ogham tract from the Book of Ballymote and the Yellow book of Lecan, and thetext of the Trefhocul from the Book of Leinster;$ced. from eight manuscripts, with introduction, translation of the Ballymote text, notes, and indices by George Calder.
=246  3\$aScholars' primer
=260  \\$aEdinburgh :$bJ. Grant,$c1917.
=300  \\$alvi, 374 p. :$bill, facsim. ;$c24 cm.
=500  \\$a"Photographs of Ogham alphabets, with transcript of the interlinear explanations and translation thereof": 4 plates, each accompanied by folded sheet of various sizes, printed on one side (plates and printed pages numbered consecutively 300-313)
=500  \\$aThe Auraicept treats chiefly of the Ogham alphabet and grammar, but if the Trefhocul be included it treats also of poetry in the strict sense. It consists of excerpts from the Book of Cenn Faelad, the Book of Ferchertne, the Book of Amergen and the Book of Fenius, Iar mac Nema and Gaedel amc Ethiuir.
=500  \\$aBesides these four ancient books, two others are mentioned, the D″uile Feda, of which the Ogham tract is perhaps an expansion, and the C″in Ollaman, possibly an early form of the tract on metrics. The Auraicept bears abundant evidence of the influence of two Latin authors, Isidorus of Seville and Virgilius Maro. The language is Middle Irish, but the basis which has been much worked over, all belongs to the Old Irish period. cf. Introd.
=500  \\$aIncludes indexes.
=505  0\$aMss. transcribed or collated.--Authorities referred to or quoted.- - Introduction.--Text with translation.--Text untranslated.--Trefhocul with examples.--De duilib feda.--Ogam.--Prologue and examples, with translation.-- Photographs of Ogham alphabets, with transcript of the interlinear explanations and translation thereof.--Glossarial index.--Index of places, tribes, and nations.--Index of persons.
=650  \0$aIrish language$xGrammar.
=650  \0$aIrish language$xWriting.
=650  \0$aIrish language$yMiddle Irish, 1100-1550$xTexts.
=650  \0$aIrish language$xVersification.
=650  \0$aAlphabet.
=700  1\$aCalder, George,$d1859-1941,$eed. and tr.
=700  0\$aIsidore,$cof Seville, Saint,$dd. 636
=700  0\$aVirgilius Maro,$cGrammaticus,$d7th cent.
=901  \\$aDigitized$bBCL$pEntire work$sBC20130317
=948  \\$aLTI 08/08/2000
=950  \\$aOL

