=LDR  01026nam a2200301Ka 4500
=001  99106346220001021
=005  20130328120218.0
=008  120610s1902\\\\ie\\\\\\\\\\\\000\0\gle\d
=035  \\$a(Aleph)001702540BCL01
=035  \\$a(OCoLC)ocm49684002
=040  \\$aBXM$cBXM
=041  1\$agleeng
=049  \\$aBXMM
=090  \\$aPB1227$b.A33 1902
=100  1\$aAhern, James L.
=245  10$aLeaḃar mion-cainte i nGaeḋilg & i mBéarla =$bAn Irish-English conversation book /$cSéamus L. Ó' Acaoirinn.
=246  3\$aLeabhar mion-cainte i nGaeilge & i mBéarla
=246  30$aIrish-English conversation book
=260  \\$aWaterford :$bN. Harvey,$c1902.
=300  \\$av. ;$c21 cm.
=500  \\$aCover title.
=500  \\$a"Compiled for the Waterford Branch of the Gaelic League"--Cover.
=546  \\$aPhrases given in Irish and English.
=650  \0$aIrish language$vConversation and phrase books.
=901  \\$aDigitized$bBCL$pEntire work$vpt.1-pt.2$sBC20130317
=948  \\$aLTI 05/06/2002
=950  \\$aOL
=994  \\$aE0$bBXM

