=LDR  01044nam a2200301 i 4500
=001  99108495440001021
=004  OAD0209
=005  20130422153804.0
=008  120610s1905\\\\ie\\\\\\\\\\\\001\0\iri\d
=035  \\$a(Aleph)001319178BCL01
=035  \\$a(OCoLC)ocm06472385
=035  9\$aOAD0209
=040  \\$aMNT$cMNT$dBXM
=041  0\$airieng
=049  \\$aBXMM
=090  \\$aPB1399.H7$bT2
=100  0\$aFinn MacCumhaill,$d3rd cent.
=245  10$aTeaċt & imṫeaċt an Ġiolla Deacair & tóruiġeaċt Ċonáin & a ċuideaċtan /$cSeaġan Ua hÓgáin & Seosaṁ Laoide do ċuir i n-eagar.
=246  3\$aTeacht & imtheacht an Ghiolla Deacair & tóruigheacht Chonáin & a chuideachtan
=260  \\$a[Baile Áṫa Cliaṫ] :$bar n-a ċur amaċ do Ċonnraḋ na Gaeḋilge,$c1905.
=300  \\$a158 p. ;$c17 cm.
=500  \\$aIncludes indexes.
=700  1\$aO'Hogan, John,$d1869-1947,$eed.
=700  1\$aLaoide, Seosamh,$dd. 1939,$eed.
=901  \\$aDigitized$bBCL$pEntire work$sBC20130317
=948  \\$aLTI 08/08/2000
=949  \\$aBXMM
=950  \\$aOL

