=LDR  01179cam a2200301 i 4500
=001  99108512920001021
=004  OAD0254
=005  20130430121650.0
=008  120610s1913\\\\ie\\\\\\\\\\\\000\0\iri\d
=035  \\$a(Aleph)001319223BCL01
=035  \\$a(OCoLC)ocm06459977
=035  9\$aOAD0254
=040  \\$aMNT$cMNT$dBXM
=041  0\$airieng
=043  \\$ae-ie---
=049  \\$aBXMM
=090  \\$aPB1399.R7$bM2
=245  00$aMaiġdean an tSoluis agus sgéalta eile :$bsgéalaiḋṫe Ṫíre Conaill d'innis /$cFeargus Mac Róiġ a sgríoḃ síos agus a ċuir i n-eagar.
=246  3\$aMaighdean an tSoluis agus sgealta eile
=260  \\$aDundalk :$bW. Tempest, Dundalgan Press,$c1913.
=300  \\$a67 p. ;$c22 cm.
=505  0\$aMaiġdean an tSoluis.--An Croċaire Tárnoċt.--Sgéal an Ḟearḋoṁain Ċruim.--Ingéan Ċormaic Ṁic Áirt.--Leabaiḋ Ċluiṁriġe.--Bean an Ḟiġeadóra.--An Gasúr a ḃí ag imirt Crónaí.--Seaċt n-Óige, &c.--Tagra.--Foclóir.
=650  10$aFolklore$zIreland$zTirconnell.
=700  1\$aO Muirgheasa, Enri,$ecomp. and ed.
=901  \\$aDigitized$bBCL$pEntire work$sBC20130317
=948  \\$aLTI 08/08/2000
=949  \\$aBXMM
=950  \\$aOL

