=LDR  01040nam a2200325Ia 4500
=001  99106346240001021
=005  20130327180112.0
=008  120610s1908\\\\ie\\\\\\\\\\\\000\1\gle\d
=035  \\$a(Aleph)001702539BCL01
=035  \\$a(OCoLC)ocm49684001
=040  \\$aBXM$cBXM
=041  0\$agleng
=049  \\$aBXMM
=090  \\$aPB1225$b.S54 1908
=100  1\$aSheehan, M.$q(Michael),$d1870-1945.
=245  10$aCnó coilleaḋ craoḃaiġe :$bthe Irish of the people /$cby M. Sheehan.
=246  3\$aCnó coilleadh craobhaighe
=246  30$aIrish of the people
=250  \\$aSchool ed.
=260  \\$aDublin :$bGill,$c1908.
=300  \\$a97 p. ;$c19 cm.
=500  \\$aPreface signed "Micheál Ó Síothcháin."
=546  \\$aText in Irish, notes in Irish and English, and preface in English.
=650  \0$aIrish language$vReaders.
=650  \0$aFolk literature, Irish.
=650  \0$aFolklore$zIreland$zWaterford (County).
=901  \\$aDigitized$bBCL$pEntire work$sBC20130317
=948  \\$aLTI 05/06/2002
=950  \\$aOL
=994  \\$aE0$bBXM

