=LDR  01232cam a2200337 i 4500
=001  99105155140001021
=005  20130416160558.0
=008  120610s1852\\\\ie\\\\\\\\\\\\001\1\gle\d
=029  1\$aNZ1$b13079398
=035  \\$a(Aleph)002666871BCL01
=035  \\$a(OCoLC)ocm03992278
=040  \\$aMNT$cMNT$dOCLCQ$dOCLCG$dEYM$dKRTAS
=043  \\$ae-ie---
=049  \\$aBXMM
=050  04$aPB1398$b.O4
=100  1\$aO'Daly, Aengus,$dd. 1617.
=245  14$aThe tribes of Ireland :$ba satire /$cby Aenghus O'Daly ; with poetical translation by the late James Clarence Mangan ; together with an historical account of the family of O'Daly ; and an introduction to the history of satire in Ireland by John O'Donovan.
=260  \\$aDublin :$bJ. O'Daly,$c1852.
=300  \\$a112 p. ;$c23 cm.
=500  \\$aIrish and English on opposite pages.
=500  \\$aIncludes index.
=530  \\$aAlso issued online.
=600  30$aDaly family.
=651  \0$aIreland$xHistory$vSources.
=700  1\$aMangan, James Clarence,$d1803-1849.
=700  1\$aO'Donovan, John,$d1809-1861.
=901  \\$aDigitized$bBCL$pEntire work$sBC20130317
=938  \\$aKirtas Technologies, Inc.$bKRTS$n303945
=948  \\$aLTI 01/22/2010
=950  \\$aOL
=994  \\$aC0$bBXM

