=LDR  00750nam a2200265 a 4500
=001  99108498520001021
=004  OAD0159
=005  20130416181638.0
=008  120610s1910\\\\ie\\\\\\\\\\\\000\1\iri\d
=035  \\$a(Aleph)001319128BCL01
=035  \\$a(OCoLC)ocm17401565
=035  9\$aOAD0159
=040  \\$aEIS$cEIS$dBXM
=049  \\$aBXMM
=090  \\$aPB1399.D9$bM9
=092  \\$a891.6284$fODU
=100  1\$aÓ Dubhghaill, Séamus,$d1855-1929.
=245  10$aMuinntear na tuaṫa /$cSéamus Ó Duḃġaill do scríoḃ.
=246  3\$aMuinntear na tuatha
=260  \\$aBaile Áṫa Cliaṫ :$bM. H. Gill,$c1910.
=300  \\$a129 p. ;$c18 cm.
=901  \\$aDigitized$bBCL$pEntire work$sBC20130317
=948  \\$aLTI 08/08/2000
=949  \\$aBXMM
=950  \\$aOL

