=LDR  00917cam a2200277 i 4500
=001  99108512770001021
=004  OAD0257
=005  20130430122121.0
=008  120610s1903\\\\ie\a\\\j\\\\\\000\1\iri\d
=035  \\$a(Aleph)001319226BCL01
=035  \\$a(OCoLC)ocm06367092
=035  9\$aOAD0257
=040  \\$aMNT$cMNT$dm/c$dBXM
=049  \\$aBXMM
=090  \\$aPB1399.R9$bS6
=100  1\$aRyan, W. P.$q(William Patrick),$d1867-1942.
=245  10$aSíḋeóga ag obair :$bsgéalta le h-aġaiḋ an aosa óig /$cUilliam Ua Riain do sgríoḃ ; [illustrated by Ua Fágáin]
=246  3\$aSídheóga ag obair
=260  \\$aBaile Áṫa Cliaṫ :$bConnraḋ na Gaeḋilge,$c1903.
=300  \\$a34 p., [4] leaves of plates :$bill. ;$c19 cm.
=440  \0$aSgéalta nua-ḋéanta ;$v6
=700  1\$aUa Fágáin,$eill.
=901  \\$aDigitized$bBCL$pEntire work$sBC20130317
=948  \\$aLTI 08/08/2000
=949  \\$aBXMM
=950  \\$aOL

