=LDR  00928nam a2200277Ia 4500
=001  99108524730001021
=005  20130327170121.0
=008  120610s1906\\\\ie\\\\\\\\\\\\000\1\gle\d
=035  \\$a(Aleph)001692322BCL01
=035  \\$a(OCoLC)ocm44171586
=040  \\$aCUY$cCUY
=041  0\$agleeng
=049  \\$aBXMM
=090  \\$aPB1225$b.O63 1906
=100  1\$aÓ Máille, Mícheál,$dd. 1911.
=245  10$aEoċaiḋ Mac Rí 'n-Éirinn /$cMiċeál Ó Máille ("Diarmaid Donn") do scríoḃ.
=246  3\$aEochaidh Mac Rí 'n-Éirinn
=260  \\$aI mBaile Áṫa Cliaṫ :$bar n-a ċur amaċ do Ċonnraḋ na Gaeḋilge,$c1906.
=300  \\$a70 p. ;$c18 cm.
=440  \0$aSgéalta nua-ḋéanta ;$v6
=546  \\$aText in Irish ; footnotes and glossary in Irish and English.
=650  \0$aIrish language$vReaders.
=901  \\$aDigitized$bBCL$pEntire work$sBC20130317
=948  \\$aLTI 04/03/2002
=950  \\$aOL
=994  \\$aE0$bBXM

