=LDR  00775nam a2200241Ka 4500
=001  99110813450001021
=005  20130326153553.0
=008  120610s1920\\\\ie\af\\\\\\\\\000\0\gle\d
=035  \\$a(Aleph)001688863BCL01
=035  \\$a(OCoLC)ocm49054303
=040  \\$aBXM$cBXM
=049  \\$aBXMM
=090  \\$aPB1223$b.C64 1920
=130  0\$aCóir mhúinte na Gaedhilge.
=245  10$aCóir ṁúinte na Gaeḋilge.$pan ċéad laeḃar /$có na bráiṫriḃ críostaṁla.
=260  \\$aBaile áṫa cliaṫ :$bM.H. Mac an Ġoill,$c1920.
=300  \\$a32 p., [1] leaf of plates :$bill. ;$c17 cm.
=650  \0$aIrish language$xGrammar.
=710  2\$aChristian Brothers.
=901  \\$aDigitized$bBCL$pEntire work$sBC20130317
=948  \\$aLTI 03/06/2002
=950  \\$aOL
=994  \\$aE0$bBXM

