=LDR  00967cam a22002537  4500
=001  99104851590001021
=005  20130328144436.0
=008  120610s1863\\\\enkd\\\\\b\\\\001\0\eng\d
=035  \\$a(Aleph)002414078BCL01
=035  \\$a(OCoLC)ocm15242013
=040  \\$aWEL$cWEL$dCUY
=041  1\$aeng$hger
=049  \\$aBXMM
=090  \\$aPB1283$b.E35
=100  1\$aEbel, Hermann Wilhelm,$d1820-1875.
=245  10$aCeltic studies$bfrom the German$cof Dr. Hermann Ebel, with an introduction on roots, stems, and derivatives, and on case-endings of nouns in the Indo-European languages by William K. Sullivan ...
=260  \\$aLondon,$aEdinburgh,$bWilliams and Norgate,$c1863.
=300  \\$axxviii, [3]-221, [1] p.$bfold. chart.$c23 cm.
=504  \\$aIncludes bibliographical references and indexes.
=650  \0$aCeltic languages.
=700  1\$aSullivan, W. K.$q(William Kirby),$d1821-1890.
=901  \\$aDigitized$bBCL$pEntire work$sBC20130317
=950  \\$aOL
=994  \\$aC0$bBXM

