=LDR  00862aam a2200289 1 4500
=001  9999955220001021
=004  ABA5744
=005  20130422171703.0
=008  120610s1858\\\\stk\\\\\\\\\\\000\0\gae\d
=035  \\$a(Aleph)000177095BCL01
=035  \\$a(OCoLC)ocm04240262
=035  \\$a(GRSN)00192487 89
=035  \\$a(GRSN)00192487
=035  9\$aABA5744
=040  \\$aMNT$cMNT$dBXM
=041  0\$agaeeng
=090  \\$aPB1399$b.L78
=099  \\$aPB1399.L78
=100  1\$aLivingston, William,$d1808-1870.
=245  10$aDuain ghaelic :$bwith a brief sketch proving the authenticity of Ossian's poems /$cle Uilleam Mac Dhun-leibhe.
=260  \\$aEdinburgh :$bMaclachlan & Stewart,$c1858.
=300  \\$a191 p. ;$c17 cm.
=600  00$aOssian$vPoetry.
=901  \\$aDigitized$bBCL$pEntire work$sBC20130317
=948  \\$aLTI 08/08/2000
=950  \\$aOL
=966  \\$lONEILL$mMONO

