=LDR  00998nam a2200265 a 4500
=001  99114673610001021
=004  AEW0930
=005  20130412163734.0
=008  120610s1913\\\\ie\\\\\\\\\\\\000\1\iri\d
=035  \\$a(Aleph)000758298BCL01
=035  \\$a(OCoLC)ocm34395144
=035  9\$aAEW0930
=040  \\$aBXM$cBXM
=049  \\$aBXMM
=090  \\$aPB1397.A34$bO44x 1913
=130  0\$aAided Fergusa.
=245  10$aEshirt /$cPeaduir Ó Laeri do shgríg ón sheana shgiál, "Echtra ríg thuaithe luchra is lupracán go hEmhain."
=246  3\$aEisirt
=260  \\$aBleáclieh [i.e. Dublin] :$bMuíntir na Leour Gäluingi = The Irish Book Company,$c1913.
=300  \\$avii, 150 p. ;$c19 cm.
=500  \\$a"The story ... is contained in the first part of Aidedh Fergusa, 'The death of Fergus,' as it appears in the Silva Gadelica of Standish Hayes O'Grady ... "--P. [iii]."
=700  1\$aO'Leary, Peter,$d1839-1920
=901  \\$aDigitized$bBCL$pEntire work$sBC20130317
=948  \\$aLTI 08/08/2000
=950  \\$aOL

