=LDR  00804nam a2200265Ia 4500
=001  99114076480001021
=005  20130422174458.0
=008  120610s1905\\\\ie\\\\\\\\\\\\000\p\gle\d
=035  \\$a(Aleph)001701197BCL01
=035  \\$a(OCoLC)ocm06547553
=040  \\$aMNT$cMNT$dBXM
=041  0\$agleeng
=049  \\$aBXMM
=090  \\$aPB1399.M162$bB5 1905
=100  1\$aMac Giolla Bhrighde, Níall,$db. 1861.
=245  10$aBlaṫa fraioċ =$bHeather blossoms : songs in Irish and English /$cby Níall Mac Giolla Ḃriġde.
=246  3\$aBlatha fraoich
=246  30$aHeather blossoms
=260  \\$aDublin :$bWhaley,$c1905.
=300  \\$a32 p. ;$c19 cm.
=546  \\$aPoems in Irish and English.
=901  \\$aDigitized$bBCL$pEntire work$sBC20130317
=948  \\$aLTI 05/06/2002
=950  \\$aOL
=994  \\$aE0$bBXM

