=LDR  00972cam a2200253Ii 4500
=001  99115826400001021
=005  20130326152510.0
=008  120610s1906\\\\ie\\\\\\\\\\\\000\0\gle\d
=035  \\$a(Aleph)001602815BCL01
=035  \\$a(OCoLC)ocm06110398
=040  \\$aMNT$cMNT$dBXM
=041  0\$agleeng
=049  \\$aBXMM
=090  \\$aPB1223$b.C5 1906
=100  1\$aConnellan, Thaddeus,$dd. 1854.
=240  10$aGramadac dhá-theang thach
=245  10$aGramadac ḋá-ṫeangṫaċ :$ban Ġaeḋilg agus an Béarla ar aġaiḋ a ċéile /$cTaḋg Ó Coindealḃáin do sgríoḃ ; an t-aṫ-ċló agus réaṁráḋ agus foclóir gramadaṁail ó láiṁ Ṡeosaiṁ Laoide.
=260  \\$aI mBaile Áṫa Cliaṫ :$bar n-a ċur amaċ do Ċonnraḋ na Gaeḋilge,$c1906.
=300  \\$axii, 152 p. ; 18 cm.
=650  \0$aIrish language$xGrammar.
=700  1\$aLaoide, Seosamh,$dd. 1939,$eeditor.
=901  \\$aDigitized$bBCL$pEntire work$sBC20130317
=950  \\$aOL
=994  \\$aE0$bBXM

