=LDR  00805cam a22002651  4500
=001  9999967520001021
=005  20130430145106.0
=008  120610s1919\\\\xx\\\\\\\\\\\\000\0\eng\\
=010  \\$a19003401
=035  \\$a(Aleph)000177391BCL01
=035  9\$aABA6040
=035  \\$a(OCoLC)ocm00480936
=040  \\$aDLC$cWSU$dDLC$dOCL$dBXM
=041  1\$aeng$hgle
=049  \\$aBXMM
=050  00$aPB1421$b.G74 1919
=100  1\$aGregory, Isabella Augusta Persse,$cLady,$d1859-1932,$etr.
=245  14$aThe Kiltartan poetry book.
=260  \\$aNew York and London,$bG.P. Putnam,$c1919.
=300  \\$a112 p. ;$c19 cm.
=650  \0$aIrish literature$vTranslations into English$xTranslations into English.
=901  \\$aDigitized$bBCL$pEntire work$sBC20130317
=948  \\$aLTI 08/08/2000
=950  \\$aOL
=994  \\$aE0$bBXM

