=LDR  01204nam a2200313   4500
=001  99107584030001021
=004  AEB7533
=005  20130328144040.0
=008  120610s1908\\\\ie\\\\\\\\\\\\000\0\lat\\
=010  \\$a46034923
=035  \\$a(Aleph)000574925BCL01
=035  \\$a(OCoLC)ocm02379416
=035  9\$aAEB7533
=040  \\$aDLC$cBNG
=041  0\$alatengiri
=050  \\$aPB1281$b.M6
=090  \\$aPB1281$b.M64x 1908
=100  1\$aMolloy, Francis,$dfl. 1660.
=245  10$aDe prosodia hibernica:$cauthore reverendo patre fratre Francisco ó Molloy...[Romae: MDCLXXVII] On Irish prosody: written by the Rev. Father Francis ó Molloy...at Rome, A.D. 1677 and now translated by Tomás Ó Flannghaile.
=260  \\$aDublin,$bM. H. Gill & son, ltd.,$c1908.
=300  \\$avii, 114 p.$c19 cm.
=500  \\$aLast twelve chapters of the author's "Grammatica latino- hibernica."
=500  \\$aLatin and English on opposite pages.
=500  \\$aIrish poems, some with Latin versions, mostly by the author (p. 108- 114)
=650  \0$aIrish language$xRhythm.
=700  1\$aFlannery, Thomas,$d1846-1916,$eed. and tr.
=901  \\$aDigitized$bBCL$pEntire work$sBC20130317
=948  \\$aLTI 08/08/2000
=950  \\$aOL

