=LDR  01356cam a2200265   4500
=001  99107500800001021
=005  20130328145033.0
=008  120610s1818\\\\enk\\\\\\\\\\\000\0\eng\d
=035  \\$a(Aleph)002130577BCL01
=035  \\$a(OCoLC)ocm02624338
=040  \\$aTYC$cTYC$dOCLCQ
=043  \\$an-gl---
=049  \\$aBXMM
=090  \\$aPB1283$b.V3 1818
=100  1\$aVallancey, Charles,$d1721-1812.
=245  13$aAn essay on the antiquity of the Irish language;$bbeing a collation of the Irish with the Punic language.$cWith a preface, proving Ireland to be the Thule of the ancients addressed to the literati of Europe, to which is added a correction of the mistakes of Mr. LH Wyd in reading the ancient Irish manuscript Lives of the patriarchs ; and of those committed by Mr.Baretti in his Collation of the Irish with the Biscayan language And, Remarks on the Essay on the antiquity of the Irish language, addressed to the printer of the London Chronicle, in the year 1772, By Charles Vallancey.
=250  \\$a3d ed.
=260  \\$aLondon,$bPrinted for Richard Ryan,$c1818.
=300  \\$a115 p.$c22 cm.
=500  \\$a"Printed verbatim from the second edition in Colonel Vallancey's Collectanea."
=650  \0$aIrish language.
=651  \0$aQaanaaq (Greenland)
=901  \\$aDigitized$bBCL$pEntire work$sBC20130317
=948  \\$aLTI 09/02/2005
=994  \\$aC0$bBXM

