=LDR  00852cam a2200265Ka 4500
=001  99114094510001021
=005  20130416181012.0
=008  120610s1919\\\\ie\\\\\\\\\\\\000\p\gle\d
=035  \\$a(Aleph)001701964BCL01
=035  \\$a(OCoLC)ocm27693636
=040  \\$aBUQ$cBUQ$dBXM
=049  \\$aBXMM
=090  \\$aPB1399.D5$bS65 1919
=100  1\$aDinneen, Patrick S.$q(Patrick Stephen),$d1860-1934.
=245  10$aSpioraid na saoirse :$baisling draoiḋeaċta ar an mbliaḋain 1916 /$cPádraig Ua Duinnín cecinit.
=260  \\$aBaile Áṫa Cliaṫ :$bM.H. Gill agus a Ṁac,$c1919.
=300  \\$a135 p. ;$c17 cm.
=500  \\$aPoems in Irish.
=650  \0$aIrish poetry.
=650  \0$aPolitical poetry.
=650  \0$aRevolutionary poetry.
=901  \\$aDigitized$bBCL$pEntire work$sBC20130317
=948  \\$aLTI 05/06/2002
=950  \\$aOL
=994  \\$aE0$bBXM

