=LDR  01184nam a2200301   4500
=001  99116089020001021
=004  AFH4894
=005  20130412105931.0
=008  120610s1899\\\\enk\\\\\\\\\\\000\0\irix\
=010  \\$a04024630
=035  \\$a(Aleph)000872222BCL01
=035  \\$a(OCoLC)ocm05703330
=035  9\$aAFH4894
=040  \\$aDLC$cMNT$dBXM
=041  0\$airieng
=049  \\$aBXMM
=050  0\$aPB1347$b.I7 vol. 2
=130  0\$aFled Bricrend.
=245  10$aFled Bricrend:$bthe feast of Bricriu;$can early Gaelic saga transcribed from older mss. into the Book of the Dun Cow, by Moelmuiri mac mic Cuinn na m-Bocht of the community of the Culdees at Clonmacnois, with conclusion from Gaelic ms. XL. Edinburgh Advocates' library. Ed., with translation, introduction, and notes by George Henderson.
=246  31$aFeast of Bricriu
=260  \\$aLondon,$bPub. for the Irish Texts Society, by D. Nutt,$c1899.
=300  \\$alxvii, 217 p.$c23 cm.
=490  1\$aIrish Texts Society. [Publications]$vvol. 2
=700  1\$aHenderson, George$eed.
=830  \0$aIrish Texts Society (Series) ;$vvol. 2.
=901  \\$aDigitized$bBCL$pEntire work$sBC20130317
=948  \\$aLTI 08/08/2000
=950  \\$aOL

