=LDR  00813nam a2200253 i 4500
=001  99108494750001021
=004  OAD0222
=005  20130412163120.0
=008  120610s1919\\\\ie\\\\\\\\\\\\000\1\iri\d
=035  \\$a(Aleph)001319191BCL01
=035  \\$a(OCoLC)ocm06572663
=035  9\$aOAD0222
=040  \\$aMNT$cMNT$dBXM
=049  \\$aBXMM
=090  \\$aPB1399.L4$bE3
=130  0\$aAided Fergusa.
=245  10$aEisirt /$can t-Aṫair Peadar Ua Laoġaire, Canónaċ, S.P., do sgríoḃ ó'n seana sgéal "Eaċtra ríġ Ṫuaiṫe Luċra is lupracán go h-Eaṁain".
=260  \\$aBaile Áṫa Cliaṫ :$bBrún agus Nuallán,$c1919.
=300  \\$a102 p. ;$c17 cm.
=700  1\$aO'Leary, Peter,$d1839-1920
=901  \\$aDigitized$bBCL$pEntire work   {dollar}{dollar}  BC20130317
=948  \\$aLTI 08/08/2000
=949  \\$aBXMM
=950  \\$aOL

