=LDR  01130nam a2200313 i 4500
=001  99108495290001021
=004  OAD0211
=005  20130422154359.0
=008  120610s1914\\\\ie\g\\\\\\\\\\000\0biri\d
=035  \\$a(Aleph)001319180BCL01
=035  \\$a(OCoLC)ocm06096543
=035  9\$aOAD0211
=040  \\$aMNT$cMNT$dm/c$dBXM
=043  \\$ae-uk---
=045  \\$au4u4
=049  \\$aBXMM
=090  \\$aPB1399.L2$bA3
=100  1\$aMac Neill, Eoin,$d1867-1945.
=245  10$aAlasdair Mac Colla :$bsain-eolus ar a ġníoṁarṫaiḃ gaisge /$cSeosaṁ Laoide do ċuir le ċéile ; déantúsaí Eoin Ṁac Néill agus ó Niall Mac Ṁuireaḋaiġ sa leaḃar so.
=260  \\$aBaile Áṫa Cliaṫ :$bClóḋanna Teo., ar n-a ċur amaċ do Ċonnraḋ na Gaeḋilge,$c1914.
=300  \\$axx, 76 p. :$bill., music ;$c18 cm.
=600  10$aMacColla, Alasdair,$dd. 1647.
=651  \0$aGreat Britain$xHistory$yCivil War, 1642-1649.
=700  1\$aMac Muiredaigh, Niall,$dfl. 1700.
=700  1\$aLaoide, Seosamh,$dd. 1939,$eed.
=901  \\$aDigitized$bBCL$pEntire work$sBC20130317
=948  \\$aLTI 08/08/2000
=949  \\$aBXMM
=950  \\$aOL

