=LDR  00774nam a2200265 a 4500
=001  99108498240001021
=004  OAD0165
=005  20130422150009.0
=008  120610s1901\\\\ie\\\\\\\\\\\\000\1\iri\d
=035  \\$a(Aleph)001319134BCL01
=035  \\$a(OCoLC)ocm20947656
=035  9\$aOAD0165
=040  \\$aEIS$cEIS$dBXM
=049  \\$aBXMM
=090  \\$aPB1399.F4$bG7
=092  \\$a891.6208$fCEK/15
=100  1\$aNí Fhaircheallaigh, Úna.
=245  10$aGráḋ agus cráḋ :$búirsgéilín /$cÚna Ní Fhairċeallaiġ do sgríoḃ.
=246  3\$aGrádh agus crádh
=260  \\$aBaile Áṫa Cliaṫ :$bConnraḋ na Gaeḋilge,$c1901.
=300  \\$a28 p. ;$c16 cm.
=901  \\$aDigitized$bBCL$pEntire work$sBC20130317
=948  \\$aLTI 08/08/2000
=949  \\$aBXMM
=950  \\$aOL

