=LDR  00783nam a22002535a 4500
=001  99107301960001021
=004  AFL3450
=005  20130412162814.0
=008  120610s1919\\\\ie\\\\\\\\\\\\000\0\iri\d
=035  \\$a(Aleph)000900778BCL01
=035  \\$a(OCoLC)ocm41306125
=035  9\$aAFL3450
=040  \\$aU5D$cU5D$dBXM
=049  \\$aBXMM
=090  \\$aPB1397.A34$bO433 1919
=100  10$aKnott, Eleanor.
=245  10$aFoclóir d'Eisirt /$cEleanor Knott do ċuir le ċéile.
=260  \\$aBaile Áṫa Cliaṫ :$bBrún agus Ó Nóláin,$c1919?
=300  \\$a56 p. ;$c19 cm.
=700  1\$aO'Leary, Peter,$d1839-1920.$tEisirt.
=901  \\$aDigitized$bBCL$pEntire work$sBC20130317
=940  \\$aIRISH WOMEN WRITERS, NINETEENTH, EARLY TWENTIETH CENTURY
=948  \\$aLTI 08/08/2000
=950  \\$aOL

