=LDR  00825nam a22002657  4500
=001  99111898800001021
=005  20130328171254.0
=008  120610s1901\\\\enka\\\\\\\\\\000\0\eng\d
=035  \\$a(Aleph)001888281BCL01
=035  \\$a(OCoLC)ocm05194018
=040  \\$aOCO$cOCO$dBXM
=049  \\$aBXMM
=090  \\$aPB1306$b.H8 1901
=100  1\$aHyde, Douglas,$d1860-1949.
=245  12$aA literary history of Ireland from earliest times to the present day /$cby Douglas Hyde.
=250  \\$a2nd impression.
=260  \\$aLondon :$bT.F. Unwin,$c1901.
=300  \\$axviii, 654p. :$bill. ;$c23cm.
=500  \\$aTitle in red and black.
=500  \\$aIncludes index.
=650  \0$aIrish literature$xHistory and criticism.
=901  \\$aDigitized$bBCL$pEntire work$sBC20130317
=948  \\$aLTI 03/26/2004
=950  \\$aOL
=994  \\$aE0$bBXM

