=LDR  02322cam a2200481I  4500
=001  99101303260001021
=005  20130412104941.0
=008  120610m19021914enk\\\\\\\\\\\000\0\eng\\
=010  \\$a08030033
=019  \\$a263943703
=035  \\$a(Aleph)000052441BCL01
=035  \\$a(OCoLC)ocm01697855
=035  9\$aAAH1261
=040  \\$aDLC$beng$cCIN$dCIN$dOCL$dOCLCQ$dOCLCG$dAU@$dEYM$dKRTAS$dIEUOL$dCNTRU$dOCLCQ$dGEBAY
=041  0\$aenggle
=043  \\$ae-ie---
=049  \\$aBXMM
=050  \4$aDA930$b.K4
=050  00$aPB1353$b.I6 vol. 4, 8-9
=082  04$a941.51
=100  1\$aKeating, Geoffrey,$d1570?-1644?
=245  14$aThe history of Ireland,$cby Geoffrey Keating, D.D., ed. with translation and notes by David Comyn [and Patrick S. Dinneen].
=260  \\$aLondon,$bPublished for the Irish texts Society by D. Nutt,$c1902-14.
=300  \\$a4 v.$c23 cm.
=490  1\$aPublications - Irish Texts Society ;$v4, 8, 9, 15
=500  \\$aVol. 1, edited by David Comyn; v. 2-4, by Rev. Patrick S. Dinneen.
=500  \\$aIrish and English on opposite pages.
=505  0\$aI. Containing the Introduction and the first book of the history. 1902.--II. Containing the first book of the history from sect. XV to the end. 1908.--III. Containing the second book of the history. 1908.--IV. Containing the genealogies and synchronisms, with an index which includes the elucidation of place names and annotations to text of Vols. I. II. III. 1914.
=650  07$aGeschichte.$2swd
=651  \0$aIreland$xHistory$yTo 1172.
=651  \7$aIrland$2swd
=700  1\$aComyn, David,$d1854-1907,$eed.
=700  1\$aDinneen, Patrick S.$q(Patrick Stephen),$d1860-1934,$eed.
=776  08$iOnline version:$aKeating, Geoffrey, 1570?-1644?$tHistory of Ireland.$dLondon, Published for the Irish texts Society by D. Nutt, 1902-14$w(OCoLC)603333924
=776  08$iOnline version:$aKeating, Geoffrey, 1570?-1644?$tHistory of Ireland.$dLondon, Published for the Irish texts Society by D. Nutt, 1902-14$w(OCoLC)610030802
=810  2\$aIrish Texts Society$n(4,8,9,15)
=830  \0$aIrish Texts Society (Series) ;$vv. 4, 8, 9, 15.
=901  \\$aDigitized$bBCL$pEntire work$sBC20130317
=938  \\$aKirtas Technologies, Inc.$bKRTS$n508556
=948  \\$aLTI 08/08/2000
=948  \\$aLTI 06/03/2011
=950  \\$aOL
=994  \\$aC0$bBXM

