=LDR  01004aam a2200337 1 4500
=001  9999983610001021
=004  ABA6144
=005  20130430153551.0
=008  120610s1911\\\\enk\\\\\\\\\\\000\1\eng\\
=010  \\$a11018596
=035  \\$a(Aleph)000177495BCL01
=035  \\$a(OCoLC)ocm03621814
=035  \\$a(GRSN)00192910 89
=035  \\$a(GRSN)00192910
=035  9\$aABA6144
=040  \\$aDLC$cPAU$dBXM
=041  1\$airieng
=050  \\$aPB1424$b.M4
=090  \\$aPB1423$b.M5
=099  \\$aPB1423.M5
=100  1\$aMeyer, Kuno,$d1858-1919$ecomp. and tr.
=245  10$aSelections from ancient Irish poetry,$ctr. by Kuno Meyer.
=250  \\$a2d impression.
=260  \\$aLondon,$bConstable & company ltd.,$c1911.
=300  \\$axvi, 114 p. ;$c20 cm.
=650  \0$aIrish literature$vTranslations into English$xTranslations into English.
=650  \0$aEnglish literature.
=901  \\$aDigitized$bBCL$pEntire work$sBC20130317
=948  \\$aLTI 08/08/2000
=950  \\$aOL
=966  \\$c5 copies$lONEILL$mMONO

