=LDR  01169nam a2200337 i 4500
=001  99101659880001021
=004  AEL6518
=005  20130412135331.0
=008  120610s1892\\\\enk\\\\\\\\\\\000\1\iri\\
=010  \\$a01005600
=035  \\$a(Aleph)000663888BCL01
=035  \\$a(OCoLC)ocm02503575
=035  9\$aAEL6518
=040  \\$aDLC$cWHE$dSER
=041  0\$airieng
=049  \\$aBXMM
=050  \\$aPB1347$b.O5
=100  1\$aO'Grady, Standish Hayes,$d1832-1915$eed. and tr.
=245  10$aSilva gadelica (I-XXXI) :$ba collection of tales in Irish with extracts illustrating persons and places /$ced. from mss. and tr. by Standish H. O'Grady.
=260  \\$aLondon :$bWilliams and Norgate,$c1892.
=300  \\$a2 v. ;$c26 cm.
=500  \\$aIncludes hagiology, legend, Ossianic lore, and fiction.
=505  0\$av. 1. Irish text.--v. 2. Translation and notes.
=650  \0$aIrish literature.
=650  \0$aFolklore$zIreland.
=650  \0$aIrish literature$vTranslations into English$xTranslations into English.
=650  \0$aEnglish literature.
=650  \0$aTales$zIreland.
=901  \\$aDigitized$bBCL$pEntire work$sBC20130317
=948  \\$aLTI 08/08/2000
=950  \\$aOL

