=LDR  00876nam a2200289 i 4500
=001  99103689760001021
=004  OAE6657
=005  20130326150051.0
=008  120610s1873\\\\nyu\\\\\\\\\\\000\0\eng\d
=035  \\$a(Aleph)001335592BCL01
=035  \\$a(OCoLC)ocm03386677
=035  9\$aOAE6657
=040  \\$aDAY$cDAY$dBXM
=049  \\$aBXMS
=090  \\$aPB1223$b.B7x
=100  1\$aBourke, Ulick J.$q(Ulick Joseph),$d1829-1887.
=245  10$aEasy lessons :$bor, Self-instruction in Irish /$cby Ulick J. Bourke.
=246  3\$aSelf-instruction in Irish
=260  \\$aNew York :$bHaverty,$c1873.
=300  \\$a390 p. ;$c19 cm.
=650  \0$aIrish language$xGrammar.
=650  \0$aIrish language$xSelf-instruction.
=650  \0$aIrish language$vReaders.
=901  \\$aDigitized$bBCL$pEntire work$sBC20130317
=948  \\$aLTI 08/08/2000
=949  \\$aBXMS$b39031022710628
=950  \\$aOL

