=LDR  00960nam a2200289M  4500
=001  99108496320001021
=004  OAD0197
=005  20130422153254.0
=008  120610s1916\\\\ie\\\\\\\\\\\\000\0\iri\d
=035  \\$a(Aleph)001319166BCL01
=035  \\$a(OCoLC)ocm17520712
=035  9\$aOAD0197
=040  \\$aEIS$cEIS$dBXM
=049  \\$aBXMM
=082  \\$a891.6282
=090  \\$aPB1399$b.H18
=100  1\$aHaicead, Padraigin.
=245  10$aSaothar filidheachta an athar Pádraigńı Haicéad d'ord San Doiminic /$car n-a thiomargadh agus ar n-a chuir i n-eagar do Thadhg Ó Dhonnchadha i. Torna.
=260  \\$aBaile Átha Cliath :$bGill,$c1916.
=300  \\$axxiii, 192 p. ;$c19 cm.
=500  \\$a"Ar n-a chur amach do Chumann Bhuanchoimeádtha na Gaeilge" - t.p.
=504  \\$aIncludes bibliographical references
=700  1\$aUa Donnchadha, Tadhg.
=901  \\$aDigitized$bBCL$pEntire work$sBC20130317
=948  \\$aLTI 08/08/2000
=949  \\$aBXMM
=950  \\$aOL

