=LDR  00938cam a2200289 i 4500
=001  99108501790001021
=004  OAD0099
=005  20130416124723.0
=008  120610s1915\\\\ie\\\\\\\\\\\\001\0\iri\d
=035  \\$a(Aleph)001319068BCL01
=035  \\$a(OCoLC)ocm06270661
=035  9\$aOAD0099
=040  \\$aMNT$cMNT$dBXM
=041  0\$airieng
=049  \\$aBXMM
=090  \\$aPB1398.B8$bL2
=130  0\$aTáin bó Cúailnge.
=245  10$aBrisleaċ ṁór Ṁaiġe Muirṫeiṁne :$bsgéal ruḋraiġeaċta /$cSeosaṁ Laoide do ċuir i n-eagar.
=260  \\$aBaile Áṫa Cliaṫ :$bClóḋanna Teo., ar n-a ċur amaċ do Ċonnraḋ na Gaeḋilge,$c1915.
=300  \\$axi, 86 p. ;$c17 cm.
=500  \\$aIncludes index of proper names.
=650  00$aCuchulain (Legendary character)
=700  1\$aLaoide, Seosamh,$dd. 1939,$eed.
=901  \\$aDigitized$bBCL$pEntire work$sBC20130317
=948  \\$aLTI 08/08/2000
=949  \\$aBXMM
=950  \\$aOL

