=LDR  01039nam a2200301   4500
=001  99116089190001021
=004  AFH4891
=005  20130412111123.0
=008  120610s1914\\\\enkah\\\\\\\\\000\0\iri\\
=010  \\$a14011244
=035  \\$a(Aleph)000872219BCL01
=035  \\$a(OCoLC)ocm03394696
=035  9\$aAFH4891
=040  \\$aDLC$cGUA$dGUA$dOCL$dBXM
=049  \\$aBXMM
=090  \\$aPB1347$b.I7 vol. 14
=245  03$aAn Irish astronomical tract based in part on a mediœval Latin version of a work by Messahalah;$ced., with preface, translation and glossary, by Maura Power, M. A.
=260  \\$aLondon,$bIrish Texts Society,$c1914.
=300  \\$axi, 176 p.$bfacsim., diagrs.$c23 cm.
=490  1\$aIrish Texts Society, v. 14
=650  \0$aAstronomy$vEarly works to 1800.
=650  \0$aCosmography.
=700  0\$aMāshāʾallāh,$d730?-815?.
=700  1\$aPower, Maura,$d1888-1916,$eed.
=830  \0$aIrish Texts Society (Series) ;$vvol. 14..
=901  \\$aDigitized$bBCL$pEntire work$sBC20130317
=948  \\$aLTI 08/08/2000
=950  \\$aOL

