=LDR  01049nam a2200289Ia 4500
=001  99100743450001021
=005  20130412151056.0
=008  120610s1860\\\\ie\g\\\\\\\\\\000\0\eng\d
=035  \\$a(Aleph)001651072BCL01
=035  \\$a(OCoLC)ocm44429503
=040  \\$aI#A$cI#A$dBXM
=041  1\$aenggle$hgle
=043  \\$ae-ie---
=049  \\$aBXMM
=090  \\$aPB1395.M7$bM3
=245  04$aThe poets and poetry of Munster :$ba selection of Irish songs by the poets of the last century /$cwith poetical translations by James Clarence Mangan ; biographical sketches of the authors by John O'Daly.
=250  \\$a3rd ed.
=260  \\$aDublin :$bJ. O'Daly,$c1860.
=300  \\$a290 p. :$bmusic ;$c16 cm.
=650  \0$aIrish poetry$zIreland$zMunster$xTranslations into English.
=650  \0$aSongs, Irish$zIreland$zMunster$xTranslations into English.
=651  \0$aMunster (Ireland)$vPoetry.
=700  1\$aMangan, James Clarence,$d1803-1849
=901  \\$aDigitized$bBCL$pEntire work$sBC20130317
=948  \\$aLTI 01/04/2002
=950  \\$aOL
=994  \\$aE0$bBXM

