=LDR  01034nam a2200313 i 4500
=001  99108796920001021
=004  ADB4787
=005  20130416160104.0
=008  120610s1907\\\\ie\\\\\\\\\\\\000\0\iri\d
=035  \\$a(Aleph)000502091BCL01
=035  \\$a(OCoLC)ocm06731112
=035  \\$a(GRSN)00532445 89
=035  \\$a(GRSN)00532445
=035  9\$aADB4787
=040  \\$aMNT$cMNT$dBXM
=049  \\$aBXMM
=090  \\$aPB1398.M9$bD6
=099  \9$aPB1398.M9D6
=100  1\$aÓ Murchadha, Seán,$d1700-1762.
=245  10$aDánta Ṡeáin Uí Ṁurċaḋa na Ráiṫíneaċ /$car n-a dtiomorgaḋ agus ar n-a gcur i n-eagar do Ṫaḋg Ó Donnċaḋa .i. Tórna.
=246  3\$aDánta Sheáin Uí Mhurchadha na Ráithíneach
=260  \\$aI mBaile Áṫa Cliaṫ :$bĊonnraḋ na Gaeḋilge,$c1907.
=300  \\$axlix, [3], 229, [1] p. ;$c18 cm.
=500  \\$aPoems.
=700  1\$aÓ Donnchadha, Tadhg,$d1874-1930$eed.
=901  \\$aDigitized$bBCL$pEntire work$sBC20130317
=948  \\$aLTI 08/08/2000
=950  \\$aOL
=966  \\$lONEILL$mMONO

