=LDR  00928nam a2200277Ka 4500
=001  99110800350001021
=005  20130328121130.0
=008  120610m190619uuie\\\\\\\\\\\\000\0\gle\d
=035  \\$a(Aleph)001688697BCL01
=035  \\$a(OCoLC)ocm49046238
=040  \\$aBXM$cBXM
=041  0\$agleeng
=049  \\$aBXMM
=090  \\$aPB1227$b.F55 1906
=100  1\$aFoley, Dermott,$dd. 1934.
=240  10$aMacléighinn
=245  13$aAn macléiġinn :$bleaḃar ċoṁráiḋ /$cFeargus Finnḃéil do ṡaoṫraiġ.
=260  \\$aBaile Áṫa Cliaṫ :$bMuintir na Leaḃar Gaeḋilge,$c1906-
=300  \\$a67 p. ;$c19 cm.
=546  \\$aText in Irish with explanatory material in English.
=650  \0$aIrish language$vConversation and phrase books.
=650  \0$aIrish language$xGrammar$vConversation and phrase books.
=901  \\$aDigitized$bBCL$pEntire work$sBC20130317
=948  \\$aLTI 03/06/2002
=950  \\$aOL
=994  \\$aE0$bBXM

