=LDR  01056aam a2200289 1 4500
=001  99113935260001021
=004  ABC2844
=005  20130325174344.0
=008  120610s1871\\\\gw\\\\\\\\\\\\001\0\lat\d
=035  \\$a(Aleph)000185136BCL01
=035  \\$a(OCoLC)ocm02050262
=035  \\$a(GRSN)00201017 89
=035  \\$a(GRSN)00201017
=035  9\$aABC2844
=040  \\$aTXA$cTXA$dBXM
=050  0\$aPB1019$b.Z6 1871
=090  \\$aPB1019$b.Z6 1871
=099  \\$aPB1019.Z6 1871
=100  1\$aZeuss, Johann Kaspar,$d1806-1856.
=245  10$aGrammatica Celtica :$bE monumentis vetustis tam hibernicae linguae quam britannicarum dialectorum, cambricae, cornicae, armoricae comparatis gallicae priscae reliquiis /$cconstruxit I. C. Zeuss [i.e. K. Zeuss]
=250  \\$aEditio Altera /$bcuravit H. Ebel.
=260  \\$aBerolini :$bapud Weidmannos ;$aParis :$bMaisonneuve,$c1871.
=300  \\$a2 v. (lii, 1115 p.) ;$c26 cm.
=650  \0$aCeltic languages$xGrammar, Historical.
=901  \\$aDigitized$bBCL$pEntire work$sBC20130317
=948  \\$aLTI 08/08/2000
=950  \\$aOL

