=LDR  00969nam a2200313 i 4500
=001  99107208070001021
=004  OAC9685
=005  20130327112651.0
=008  120610s1913\\\\ie\\\\\\\\\\\\001\0\iri\d
=035  \\$a(Aleph)001318654BCL01
=035  \\$a(OCoLC)ocm06701377
=035  9\$aOAC9685
=040  \\$aMNT$cMNT$dBXM
=041  0\$airieng
=049  \\$aBXMM
=090  \\$aPB1223$b.O15
=100  1\$aÓ Catháin, Seán,$dd. 1937.
=245  10$aCeaċta cainnte gramadaiġe :$bthe practical grammar of modern Irish /$cby Seaġán Ó Caṫáin.
=246  3\$aCeachta cainnte gramadaighe
=250  \\$a4th ed., enl.
=260  \\$aBaile Áṫa Cliaṫ :$bM. H. MacGuill,$c1913.
=300  \\$a224 p. ;$c23 cm.
=500  \\$aAt head of title: Do-ċum glóire Dé agus onóra na h-Éireann.
=500  \\$aIncludes index.
=650  \0$aIrish language$xGrammar.
=901  \\$aDigitized$bBCL$pEntire work$sBC20130317
=948  \\$aLTI 08/08/2000
=949  \\$aBXMM
=950  \\$aOL

