=LDR  01115nam a2200349   4500
=001  99108798440001021
=004  ADB4754
=005  20130416124310.0
=008  120610s1912\\\\ie\\\\\\\\\\\\000\0\iri\\
=010  \\$a43044475
=035  \\$a(Aleph)000502058BCL01
=035  \\$a(OCoLC)ocm03078763
=035  \\$a(GRSN)00532412 89
=035  \\$a(GRSN)00532412
=035  9\$aADB4754
=040  \\$aDLC$cIYU$dBXM
=049  \\$aBXMM
=050  0\$aPB1397$b.T3 1912
=090  \\$aPB1397.T3$bS9
=099  \9$aPB1397.T3S9
=130  0\$aTáin bó Cúailnge.
=245  10$aTáin bó Cúailnge,$bfrom the Yellow book of Lecan, with variant readings from the Lebor na huidre;$cedited by John Strachan and J. G. O'Keeffe.
=260  \\$aDublin,$bSchool of Irish learning [etc.]$c1912.
=300  \\$avi, 126 p.$c25 cm.
=500  \\$aFirst issued as supplement to Ériu (1904-12)
=650  \0$aIrish language$yTo 1100$xTexts.
=700  1\$aStrachan, John,$d1862-1907$eed.
=730  0\$aLeabhar na h-uidhri.
=901  \\$aDigitized$bBCL$pEntire work$sBC20130317
=948  \\$aLTI 08/08/2000
=950  \\$aOL
=966  \\$lONEILL$mMONO

