=LDR  01026aam a2200313 1 4500
=001  99113935050001021
=004  ABC2855
=005  20130325181912.0
=008  120610\1902\\\\\\\\\\\\\\\\\\\\\\\\eng\u
=010  \\$a03001924
=035  \\$a(Aleph)000185147BCL01
=035  \\$a(OCoLC)ocm00573182
=035  \\$a(GRSN)00201030 89
=035  \\$a(GRSN)00201030
=035  9\$aABC2855
=040  \\$cKSU$dBXM
=050  0\$aPB1096$b.M3
=099  \\$aPB1096.M3
=100  1\$aMacLean, Magnus,$d1857-1937.
=245  14$aThe literature of the Celts,$bits history and romance,$cby Magnus Maclean.
=260  \\$aLondon [etc.]$bBlackie and son, limd.,$c1902.
=300  \\$axv, 400 p. ;$c23 cm.
=500  \\$aIncludes indexes.
=500  \\$a"The gist of two series of lectures ... delivered under the Maccallum bequest in the University of Glasgow", 1900-2.--Pref.
=650  \0$aCeltic literature$xHistory and criticism.
=901  \\$aDigitized$bBCL$pEntire work$sBC20130317
=948  \\$aLTI 08/08/2000
=950  \\$aOL
=966  \\$lONEILL$mMONO

