=LDR  00813nam a2200265 i 4500
=001  99108513390001021
=004  OAD0246
=005  20130423113754.0
=008  120610s1918\\\\ie\\\\\\\\\\\\001\1\iri\d
=035  \\$a(Aleph)001319215BCL01
=035  \\$a(OCoLC)ocm06509451
=035  9\$aOAD0246
=040  \\$aMNT$cMNT$dBXM
=049  \\$aBXMM
=090  \\$aPB1399.N3$bS7
=100  1\$aÓ Neachtain, Seán,$d1655-1728.
=245  10$aStair Éamuinn Uí Chléire /$cdo réir Shéain Uí Neaċtain ; i n-eagar ag Eoġan Ó Neaċtain.
=260  \\$a[Baile Áṫa Cliaṫ] :$bM. H. Mac an Ghuill,$c1918.
=300  \\$aix, 112 p. ;$c18 cm.
=500  \\$aIncludes word index.
=700  1\$aÓ Neachtain, Eoghan.$eed.
=901  \\$aDigitized$bBCL$pEntire work$sBC20130317
=948  \\$aLTI 08/08/2000
=949  \\$aBXMM
=950  \\$aOL

