=LDR  00817cam a2200265   4500
=001  99114153090001021
=005  20130328170806.0
=008  120610s1906\\\\enk\\\\\\\\\\\000\0\eng\d
=035  \\$a(Aleph)002352963BCL01
=035  \\$a(OCoLC)ocm01193870
=040  \\$aNAM$cNAM$dXBM$dOCL
=049  \\$aBXMM
=082  \\$a891.6209
=090  \\$aPB1306$b.H8
=100  1\$aHyde, Douglas,$d1860-1949.
=245  12$aA literary history of Ireland from earliest times to the present day /$cDouglas Hyde.
=250  \\$a4th impression.
=260  \\$aLondon,$bT.F. Unwin,$c1906.
=300  \\$axviii, 654 p. ;$c23 cm.
=490  0\$aThe Library of literary history
=500  \\$aIncludes index.
=650  \0$aIrish literature$xHistory and criticism.
=901  \\$aDigitized$bBCL$pEntire work$sBC20130317
=950  \\$aOL
=994  \\$aC0$bBXM

