=LDR  00768nam a2200253Ka 4500
=001  99110786360001021
=005  20130326153852.0
=008  120610s1910\\\\ie\\\\\\\\\\\\000\0\gle\d
=035  \\$a(Aleph)001688553BCL01
=035  \\$a(OCoLC)ocm49035015
=040  \\$aBXM$cBXM
=043  \\$ae-ie---
=049  \\$aBXMM
=090  \\$aPB1223$b.C65 1910
=130  0\$aCoir mhúinte na gaedhilge.
=245  10$aCóir ṁúinte na gaeḋilge.$pan dara leaḃar /$có na bráiṫriḃ críostaṁla.
=260  \\$aBaile áṫa cliaṫ :$bM.H. mac an Ġoill,$c1910.
=300  \\$a68 p. ;$c17 cm.
=650  \0$aIrish language$xGrammar.
=710  2\$aChristian Brothers.
=901  \\$aDigitized$bBCL$pEntire work$sBC20130317
=948  \\$aLTI 03/06/2002
=950  \\$aOL
=994  \\$aE0$bBXM

