=LDR  01152nam a2200301   4500
=001  99107209340001021
=004  OAC9637
=005  20130325155804.0
=008  120610s1913\\\\gw\\\\\\\b\\\\000\0\ger\\
=010  \\$a14007264
=035  \\$a(Aleph)001318606BCL01
=035  \\$a(OCoLC)ocm18313142
=035  9\$aOAC9637
=040  \\$aDLC$cCOD$dBXM
=049  \\$aBXMM
=050  0\$aPB35$b.F5
=100  1\$aFlagstad, Christian Benedict,$d1867-
=245  10$aPsychologie der sprachpädagogik,$bversuche zu einer darstellung der prinzipien des fremdsprachlichen unterrichts auf grund der psuchologischen natur der sprache,$cvon Chr. B. Flagstad ... Mit einigen kürzungen und änderungen vom verfasser aus dem dänischen übersetzt.
=260  \\$aLeipzig,$aBerlin,$bB.G. Teubner,$c1913.
=300  \\$axxviii, 370 p. ;$c23 cm.
=504  \\$a"Verzeichnis der angeführten literatur": p.[xxv]-xxviii.
=650  \0$aLanguages, Modern$xStudy and teaching.
=650  \0$aLanguage and languages$xStudy and teaching.
=650  \0$aLanguage and languages.
=901  \\$aDigitized$bBCL$pEntire work$sBC20130317
=948  \\$aLTI 08/08/2000
=949  \\$aBXMM
=950  \\$aOL

