=LDR  01069cam a2200301 i 4500
=001  99108501370001021
=004  OAD0107
=005  20130416144712.0
=008  120610s1903\\\\ie\\\\\\\\\\\\001\0\iri\d
=035  \\$a(Aleph)001319076BCL01
=035  \\$a(OCoLC)ocm06935299
=035  9\$aOAD0107
=040  \\$aMNT$cMNT$dOCL$dBXM
=041  0\$airieng
=049  \\$aBXMM
=090  \\$aPB1398.F3$bD31
=100  1\$aFerriter, Pierce,$dd. 1653.
=245  10$aDánta Ṗiarais Feiritéir :$bmaille le beaṫaiḋ an ḟiliḋ is foclóir /$ciar n-a gcruinniuġaḋ agus a gcur i gcéad-eagar leis an Aṫair Pádraig Ua Duinnín.
=246  3\$aDánta Phiarais Feiritéir
=260  \\$aI mBaile Áṫa Cliaṫ :$bar n-a gcur amaċ do Ċonnraḋ na Gaeḋilge,$c1903.
=300  \\$axxv, [1], 82 p. ;$c19 cm.
=440  \0$aGaelic League series.$pIrish texts ;$v5
=500  \\$aIncludes word index.
=700  1\$aDinneen, Patrick S.$q(Patrick Stephen),$d1860-1934$eed.
=901  \\$aDigitized$bBCL$pEntire work$sBC20130317
=948  \\$aLTI 08/08/2000
=949  \\$aBXMM
=950  \\$aOL

