=LDR  01072nam a2200349 i 4500
=001  99108797580001021
=004  ADB4771
=005  20130416130934.0
=008  120610s1919\\\\ie\\\\\\\\\\\\000\1diri\d
=035  \\$a(Aleph)000502075BCL01
=035  \\$a(OCoLC)ocm04043608
=035  \\$a(GRSN)00532429 89
=035  \\$a(GRSN)00532429
=035  9\$aADB4771
=040  \\$aMNT$cMNT$dBXM
=041  0\$airieng
=049  \\$aBXMM
=090  \\$aPB1398 .D15$bK3
=099  \9$aPB1398 .D15K3
=100  1\$aÓ D́alaiġ, Aonġus Fionn.
=245  10$aDánta do ċum Aonġus Fionn Ó Dálaiġ /$cedited with translation, notes, &c., by L. M'Kenna ; with preface by O. J. Bergin.
=260  \\$aDublin :$bMaunsel,$c1919.
=300  \\$axvi, 87 p. ;$c22 cm.
=500  \\$aPoems.
=500  \\$aIrish and English text in opposite columns.
=650  \0$aReligious poetry, Irish.
=700  1\$aMcKenna, Lambert,$eed. and tr.
=700  1\$aBergin, Osborn,$d1873-1950
=901  \\$aDigitized$bBCL$pEntire work$sBC20130317
=948  \\$aLTI 08/08/2000
=950  \\$aOL
=966  \\$lONEILL$mMONO

