=LDR  00862nam a2200277 i 4500
=001  99108500040001021
=004  OAD0132
=005  20130416171913.0
=008  120610s1906\\\\ie\\\\\\\\\\\\000\0biri\d
=035  \\$a(Aleph)001319101BCL01
=035  \\$a(OCoLC)ocm06418085
=035  9\$aOAD0132
=040  \\$aMNT$cMNT$dBXM
=049  \\$aBXMM
=090  \\$aPB1399.C3$bB81
=100  1\$aUa Ceallaigh, Sean,$d1872-1957.
=245  10$aBrian Bóirṁe :$ba ṡaoġal agus a ḃeaṫa /$cSeán Ua Ceallaiġ do ċuir le ċeíle.
=246  3\$aBrian Bóirmhe
=250  \\$a[1st ed.]
=260  \\$aI mBaile Áṫa Cliaṫ :$bar n-a ċur amaċ do Ċonnraḋ na Gaeḋilge,$c1906.
=300  \\$axii, 131 p. ;$c19 cm.
=600  00$aBrian,$cKing of Ireland,$d926-1014
=901  \\$aDigitized$bBCL$pEntire work$sBC20130317
=948  \\$aLTI 08/08/2000
=949  \\$aBXMM
=950  \\$aOL

