=LDR  01241cam a2200313Ii 4500
=001  99112733910001021
=005  20130416165319.0
=008  120610s1908\\\\ie\\\\\\\\\\\\000\0\gle\d
=035  \\$a(Aleph)001625842BCL01
=035  \\$a(OCoLC)ocm06127446
=040  \\$aMNT$cMNT$dOCL$dBXM
=041  0\$agleeng
=049  \\$aBXMM
=090  \\$aPB1225$b.D56 1908
=100  1\$aDinneen, Patrick S.$q(Patrick Stephen),$d1860-1934.
=245  10$aAistiḋe Gaeḋilge le haġaiḋ an aosa óig =$bIrish lessons for the young : with short vocabularies and copious explanations /$cleis an Aṫair Pádraig Ua Duinnín.
=246  3\$aIrish lessons for the young
=246  3\$aAistidhe Gaedhilge le haghaidh an aosa óig
=260  \\$aBaile Áṫa Cliaṫ :$bM. H. Gill,$c1908.
=300  \\$a2 v. ;$c19 cm.
=490  1\$aSraiṫ leaḃar scoile Ṡeaṫrúin Céitinn =$aThe Geoffrey Keating series of school books ;$v1, 3
=650  \0$aIrish language$vReaders.
=830  \0$aSraith leabhar scoile Sheathrúin Céitinn ;$v1, 3.
=901  \\$aDigitized$bBCL$pPartial work$vpt.1$sBC20130317
=901  \\$aRejected$bBCL$pPartial work$vpt.2$rPreservation photocopy
=948  \\$aLTI 08/06/2001
=948  \\$aLTI 03/06/2002
=950  \\$aOL
=994  \\$aE0$bBXM

