=LDR  00929nam a2200289 i 4500
=001  9999799700001021
=004  AFG4466
=005  20130328162808.0
=008  120610s1917\\\\nyu\\\\\\d\\\\000\0\eng\d
=035  \\$a(Aleph)000861794BCL01
=035  \\$a(OCoLC)ocm04313291
=035  9\$aAFG4466
=040  \\$aYWM$cYWM
=041  0\$aengiri
=049  \\$aBXMM
=050  \4$aPB1291$b.L3 1917
=100  1\$aLane, T. O'Neill$q(Timothy O'Neill),$d1852-1915.
=245  10$aLarger English-Irish dictionary /$cby T. O'Neill Lane.
=250  \\$aNew ed.,$bThoroughly rev. and greatly enl.
=260  \\$aNew York :$bFunk & Wagnalls,$c1917.
=300  \\$axiv, 1748, 15 p. ;$c23 cm.
=504  \\$aIncludes bibliographical references (p. xiii-xiv).
=650  \0$aEnglish language$vDictionaries$xIrish.
=650  \0$aIrish language$vDictionaries$xEnglish.
=901  \\$aDigitized$bBCL$pEntire work$sBC20130317
=948  \\$aLTI 08/08/2000
=950  \\$aOL

