=LDR  00676nam a2200229 a 4500
=001  99112971750001021
=004  AFL6312
=005  20130423115310.0
=008  120610s1922\\\\ie\\\\\\\\\\\\000\f\gle\d
=035  \\$a(Aleph)000903640BCL01
=035  \\$a(OCoLC)ocm39909571
=035  9\$aAFL6312
=040  \\$aN6I$cN6I$dBXM
=090  \\$aPB1399.O4112$bF73 1922
=100  1\$aÓ Conaire, Pádraic Óg,$d1893-1971.
=240  10$aFraoch bán
=245  13$aAn fraoċ bán /$cPáḋraic Óg Ó Conaire a sgríoḃ.
=260  \\$aGailliṁ [Ireland] :$bÓ Gormáin,$c1922.
=300  \\$a77 p. ;$c18 cm.
=901  \\$aDigitized$bBCL$pEntire work$sBC20130317
=948  \\$aLTI 08/08/2000
=950  \\$aOL

