=LDR  00850cam a2200253   4500
=001  99107207470001021
=004  OAC9710
=005  20130412141727.0
=008  120610s1820\\\\stk\\\\\\\\\\\000\0\lat\\
=010  \\$a01011063
=035  \\$a(Aleph)001318679BCL01
=035  \\$a(OCoLC)ocm03783496
=035  9\$aOAC9710
=040  \\$aDLC$cAZU$dm.c.$dBXM
=049  \\$aBXMM
=090  \\$aPB1357$b.M13
=100  1\$aMacpherson, James,$d1736-1796.
=245  10$aPhingalēis,$bsive Hibernia liberata, epicum Ossianis poema, e celtico sermone conversum, tribus praemissis disputationibus, et subsequentibus notis ...$cAugusto Frederico ... Sussexiae duci, dictatum. Ab A. Macdonald.
=260  \\$aEdinburgi,$bJ. Moir,$c1820.
=300  \\$a228 p.$c26 cm.
=901  \\$aDigitized$bBCL$pEntire work$sBC20130317
=948  \\$aLTI 08/08/2000
=949  \\$aBXMM
=950  \\$aOL

