=LDR  01234cam a2200313 a 4500
=001  99103576250001021
=005  20130412162200.0
=008  120610s1895\\\\ie\\\\\\\\\\\\000\1\gle\d
=035  \\$a(Aleph)003063676BCL01
=035  \\$a(OCoLC)ocm56983699
=040  \\$aMNT$cMNT$dOCLCQ$dOCLCG
=041  1\$agle$aeng$hgle
=049  \\$aBXMM
=090  \\$aPB1397$b.T752 1895
=130  0\$aTóruigheacht Dhiarmada agus Ghráinne.$lIrish & English.
=245  10$aTóruiġeaċt Ḋiarmuda agus Ġráinne =$bThe pursuit of Diarmuid and Grainne /$cre-edited for the Society for the Preservation of the Irish Language, with notes, and a complete vocabulary by Richard J. O'Duffy.
=246  31$aPursuit of Diarmuid and Grainne
=250  \\$aNew and enl. ed.
=260  \\$aDublin :$bM.H. Gill,$c1895.
=300  \\$a2 v. in 1 ;$c16 cm.
=500  \\$aText in Irish with English translation, introduction, and notes.
=500  \\$aPt. 2 introduction signed "S. H. O'G.," Standish Hayes O'Grady.
=600  00$aFinn MacCumhaill,$d3rd cent.
=650  \0$aEpic literature, Irish.
=700  1\$aO'Duffy, Richard J.
=700  1\$aO'Grady, Standish Hayes,$d1832-1915.
=901  \\$aDigitized$bBCL$pEntire work$sBC20130317
=950  \\$aOL
=994  \\$aC0$bBXM

