=LDR  01417nam a2200373Ma 4500
=001  99106348480001021
=005  20130430152411.0
=008  120610s1883\\\\ie\\\\\\\\\\\\000\0\eng\d
=035  \\$a(Aleph)001702237BCL01
=035  \\$a(OCoLC)ocm48902514
=040  \\$aEQO$cEQO
=041  1\$aenggle$hgle
=049  \\$aBXMM
=090  \\$aPB1423$b.A54 1883
=130  0\$aAided chlainne Lir.
=245  10$aOiḋe ċloinne Lir =$bThe fate of the children of Lir.
=246  30$aOidhe chloinne Lir
=246  1\$aFate of the children of Lir
=260  \\$aDublin :$bM.H. Gill,$c1883.
=300  \\$axvi, 147 p. ;$c17 cm.
=500  \\$a"Published for the Society for the Preservation of the Irish Language."
=500  \\$aText, translation and notes taken, with some revision, from Eugene O'Curry's edition in Atlantis, v. 4.--cf. Pref.
=500  \\$aEdited by R.J. O'Duffy.--cf. Ireland (Eire). National Library, Dublin. Bibliography of Irish philology ... Dublin, 1913, p. 82.
=546  \\$aText in Irish and English.
=650  \0$aSagas, Irish Gaelic$xCycle of mythology and Tuatha de Danann.
=700  1\$aO'Duffy, Richard J.,$eed.
=700  1\$aO'Looney, Brian,$eed.
=710  2\$aSociety for the Preservation of the Irish Language.
=740  0\$aOidhe chloinne Lir.
=901  \\$aDigitized$bBCL$pEntire work$sBC20130317
=948  \\$aLTI 05/13/2002
=948  \\$aLTI 05/20/2002
=950  \\$aOL
=994  \\$aE0$bBXM

