=LDR  00973nam a2200289 i 4500
=001  99108513680001021
=004  OAD0241
=005  20130423113230.0
=008  120610s1912\\\\ie\\\\\\\\\\\\000\0\iri\d
=035  \\$a(Aleph)001319210BCL01
=035  \\$a(OCoLC)ocm06728153
=035  9\$aOAD0241
=040  \\$aMNT$cMNT$dBXM
=041  0\$airieng
=049  \\$aBXMM
=090  \\$aPB1399.M9$bC3
=130  0\$aCeithearnach Uí Dhomhnaill.
=245  10$aCeiṫearnaċ Uí Ḋoṁnaill :$bnó eaċtra an Ċeitearnaiġ Ċaoil-Riaḃaiġ /$cdo réir druinge ; Énrí Ua Muirġeasa do ċuir i n-eagar as láiṁsgríḃinn Oirġiallaiġ.
=246  3\$aCeithearnach Uí Dhomhnaill
=260  \\$aI mBaile Áṫa Cliaṫ :$bar n-a ċur amaċ do Ċonnraḋ na Gaeḋilge,$c1912.
=300  \\$axii, 43 p. ;$c19 cm.
=500  \\$aFolk tale.
=700  1\$aO Muirgheasa, Enri,$eed.
=901  \\$aDigitized$bBCL$pEntire work$sBC20130317
=948  \\$aLTI 08/08/2000
=949  \\$aBXMM
=950  \\$aOL

