=LDR  01092cam a2200277Ka 4500
=001  99106349590001021
=005  20130423123101.0
=008  120610s1915\\\\ie\\\\\\\\\\\\000\1\gle\d
=035  \\$a(Aleph)001702175BCL01
=035  \\$a(OCoLC)ocm49706198
=040  \\$aBXM$cBXM
=041  0\$agleeng
=049  \\$aBXMM
=090  \\$aPB1399.O544$bG83 1915
=100  1\$aO'Leary, Peter,$d1839-1920.
=245  10$aGuaire /$cPeadar Ua Laoġaire do sgríoḃ ó'n seana-sgéal "Imtheacht na tromdháime" ; Conall Cearnaċ do ċuir i n-eagar.
=260  \\$aBaile Áṫa Cliaṫ :$bMuintir na Leaḃar Gaeḋilge :$bBrún agus Ó Nóláin,$c1915.
=300  \\$a2 v. ;$c19 cm.
=500  \\$a"Guaire is a modernization of the old tale, Imtheacht na trom-dháimhe,... and has also been designated as 'The introduction to Táin bó Cuailgne'"--Introduction.
=546  \\$aText in Irish with explanatory material in English.
=730  0\$aImtheacht na tromdháimhe.
=901  \\$aDigitized$bBCL$pEntire work$sBC20130317
=948  \\$aLTI 05/13/2002
=948  \\$aLTI 05/20/2002
=950  \\$aOL
=994  \\$aE0$bBXM

