=LDR  01010nam a2200289 i 4500
=001  99108501250001021
=004  OAD0109
=005  20130416145817.0
=008  120610s1905\\\\ie\\\\\\\\\\\\001\0\iri\d
=035  \\$a(Aleph)001319078BCL01
=035  \\$a(OCoLC)ocm06051883
=035  9\$aOAD0109
=040  \\$aMNT$cMNT$dBXM
=041  0\$airieng
=049  \\$aBXMM
=090  \\$aPB1398$b.G29
=100  1\$aMac Gearait, Piaras.
=245  10$aAṁráin Ṗiarais Ṁic Gearailt :$ban té be ċeann coṁairle ar Ċúirt na mBúrdún, maille le cunntas éigin ar a ḃeaṫaiḋ agus foclóir /$cRiseárd Ó Foġluḋa ("Fiaċra Éilgeaċ") do ḃailiġ is do ċéad-ċuir i n-eagar a ċéile.
=260  \\$aI mBaile Áṫa Cliaṫ :$bĊonnraḋ na Gaeḋilge,$c1905.
=300  \\$aiv, 138 p. ;$c19 cm.
=500  \\$aPoems.
=500  \\$aIncludes word index.
=700  1\$aFoley, Richard,$d1873-1957,$eed.
=901  \\$aDigitized$bBCL$pEntire work$sBC20130317
=948  \\$aLTI 08/08/2000
=949  \\$aBXMM
=950  \\$aOL

