=LDR  00889aam a2200301 1 4500
=001  9999954550001021
=004  ABA5792
=005  20130430120341.0
=008  120610s1918\\\\vp\\\\\\\\\\\\000\0\eng\\
=010  \\$a20001154
=035  \\$a(Aleph)000177143BCL01
=035  \\$a(OCoLC)ocm01850768
=035  \\$a(GRSN)00192537 89
=035  \\$a(GRSN)00192537
=035  9\$aABA5792
=040  \\$aDLC$cFBA$dBXM
=050  0\$aPR6031.E2$bP6 1918
=090  \\$aPB1399.P3$bP7
=099  \\$aPB1399.P3P7
=100  1\$aPearse, Padraic,$d1879-1916.
=245  10$aPoems,$cby P.H. Pearse.
=260  \\$aDublin and London,$bMaunsel & co., ltd.,$c1918.
=300  \\$a[307]-341,$c17 cm.
=500  \\$aReprinted from the author's "Collected works ... 1917," retaining the original paging.
=901  \\$aDigitized$bBCL$pEntire work$sBC20130317
=948  \\$aLTI 08/08/2000
=950  \\$aOL
=966  \\$lONEILL$mMONO

