=LDR  01050cam a2200325   4500
=001  99108798290001021
=004  ADB4759
=005  20130412160732.0
=008  120610s1922\\\\enk\\\\\\\\\\\001\0\eng\\
=010  \\$a24013671
=035  \\$a(Aleph)000502063BCL01
=035  \\$a(OCoLC)ocm02696549
=035  \\$a(GRSN)00532417 89
=035  \\$a(GRSN)00532417
=035  9\$aADB4759
=040  \\$aDLC$cUPM$dOCL$dBXM
=049  \\$aBXMM
=050  \\$aPB1397$b.T7
=099  \9$aPB1397.T7
=130  0\$aTogail na Tebe.
=245  10$aTogail na Tebe;$bthe Thebaid of Statius. The Irish text edited from two mss. with introduction, translation, vocabulary and notes$cby George Calder.
=260  \\$aCambridge [Eng.] :$bThe University Press,$c1922.
=300  \\$axxiii, 431 p. ;$c23 cm.
=500  \\$a"Authorities quoted or referred": p. xx.
=700  1\$aStatius, P. Papinius$q(Publius Papinius)
=700  1\$aCalder, George,$d1859-1941.
=901  \\$aDigitized$bBCL$pEntire work$sBC20130317
=948  \\$aLTI 08/08/2000
=950  \\$aOL
=966  \\$lONEILL$mMONO

