=LDR  00818cam a2200253Ii 4500
=001  99106350600001021
=005  20130423132847.0
=008  120610s1919\\\\ie\a\\\\\\\\\\000\f\gle\d
=035  \\$a(Aleph)001702102BCL01
=035  \\$a(OCoLC)ocm06472463
=040  \\$aMNT$cMNT$dBXM
=049  \\$aBXMM
=090  \\$aPB1399.O797$bJ56 1919
=100  1\$aÓ Siochfhradha, Pádraig,$d1883-1964.
=245  10$aJimín Ṁáire Ṫaiḋg /$c"An Seaḃac" do scríoḃ (Pádraig Ó Sioċḟraḋa)
=246  3\$aJimín Mháire Thaidhg
=260  \\$aBaile Áṫa Cliaṫ :$bCoṁluċt Oideaċais na hÉireann,$c1919.
=300  \\$a[ii], 115 p. :$bill. ;$c19 cm.
=650  \0$aIrish language.
=901  \\$aDigitized$bBCL$pEntire work$sBC20130317
=948  \\$aLTI 05/13/2002
=948  \\$aLTI 05/20/2002
=950  \\$aOL
=994  \\$aE0$bBXM

