=LDR  00806nam a2200289   4500
=001  9999377690001021
=004  ACW3582
=005  20130326171935.0
=008  120610m19201921ie\\\\\\\\\\\\000\0\eng\d
=035  \\$a(Aleph)000470311BCL01
=035  \\$a(OCoLC)ocm10926799
=035  \\$a(GRSN)00501880 89
=035  \\$a(GRSN)00501880
=035  9\$aACW3582
=040  \\$aVXI$cVXI$dBXM
=049  \\$aBXMM
=090  \\$aPB1223$b.N7
=099  \9$aPB1223.N7
=100  1\$aO'Nolan, Gerald.
=245  10$aStudies in modern Irish /$cGerald O'Nolan.
=260  \\$aDublin,$bEducational Company of Ireland,$c1920-21.
=300  \\$a2 v. ;$c18 cm.
=650  \0$aIrish language$xStudy and teaching.
=901  \\$aDigitized$bBCL$pEntire work$vpt.1-pt.2$sBC20130317
=948  \\$aLTI 08/08/2000
=950  \\$aOL
=966  \\$lONEILL

