=LDR  00829nam a2200277Ia 4500
=001  99110789720001021
=005  20130326150605.0
=008  120610s1906\\\\ie\\\\\\\\\\\\000\0\eng\d
=035  \\$a(Aleph)001688450BCL01
=035  \\$a(OCoLC)ocm08548740
=040  \\$aNOC$cNOC
=049  \\$aBXMM
=090  \\$aPB1223$b.B71
=245  00$aGraiméar na Gaeḋilge /$cleis na Bráiṫreaċaiḃ Críostaṁla.
=246  18$aIrish grammar
=250  \\$a[3rd ed., rev.]
=260  \\$a[Dublin :$bM.H. Gill,$c1906]
=300  \\$ax, 351 p. ;$c19 cm.
=500  \\$aTitle on spine: Irish grammar / by the Christian Brothers.
=500  \\$aText in English.
=650  \0$aIrish language$xGrammar.
=710  2\$aChristian Brothers.
=901  \\$aDigitized$bBCL$pEntire work$sBC20130317
=948  \\$aLTI 03/06/2002
=950  \\$aOL
=994  \\$aE0$bBXM

