=LDR  00886cam a2200277 i 4500
=001  99108495140001021
=004  OAD0214
=005  20130422171247.0
=008  120610s1919\\\\ie\\\\\\\\\\\\000\0\iri\d
=035  \\$a(Aleph)001319183BCL01
=035  \\$a(OCoLC)ocm06728271
=035  9\$aOAD0214
=040  \\$aMNT$cMNT$dBXM
=049  \\$aBXMM
=090  \\$aPB1399.L4$bA6
=100  1\$aO'Leary, Peter,$d1839-1920.
=245  10$aÁr ndóiṫin araon /$can t-Aṫair Peadar Ua Laoġaire, Canonaċ, S.P., do sgríoḃ ; an t-Aṫair Risteard Pléimeann d[o] ċuir i n-eagar.
=246  3\$aÁr ndóithin araon
=260  \\$aBaile Áṫa Cliaṫ :$bBrún agus Nuallán,$c1919.
=300  \\$av, 110 p. ;$c18 cm.
=650  \0$aFolklore$zIreland.
=700  1\$aPléimeann, Risteárd,$eed.
=901  \\$aDigitized$bBCL$pEntire work$sBC20130317
=948  \\$aLTI 08/08/2000
=949  \\$aBXMM
=950  \\$aOL

