=LDR  01077aam a2200301 1 4500
=001  99102841990001021
=004  ABC1091
=005  20130325160314.0
=008  120610s1917\\\\enka\\\\\\\\\\000\0\eng\\
=010  \\$a18013297
=035  \\$a(Aleph)000183383BCL01
=035  \\$a(OCoLC)ocm05512766
=035  \\$a(GRSN)00199190 89
=035  \\$a(GRSN)00199190
=035  9\$aABC1091
=040  \\$aDLC$cCLE$dBXM
=050  \\$aPB53$b.P3
=090  \\$aPB35$b.P2
=099  \\$aPB35.P2
=100  1\$aPalmer, Harold E.,$d1877-1949.
=245  14$aThe scientific study & teaching of languages;$ba review of the factors and problems connected with the learning and teaching of modern languages, with an analysis of the various methods which may be adopted in order to attain satisfactory results,$cby Harold E. Palmer.
=260  \\$aLondon,$bG. Harrap & company,$c1917.
=300  \\$a328 p. :$bfold. diagrs. ;$c24 cm.
=650  \0$aLanguages, Modern$xStudy and teaching.
=901  \\$aDigitized$bBCL$pEntire work$sBC20130317
=948  \\$aLTI 08/08/2000
=950  \\$aOL
=966  \\$lONEILL$mMONO

